Timestamp,Bid,Ask,Date,Time,Hour,Minute,Second,Mid
2024-02-01 00:00:00.029,1.08073,1.08082,2024-02-01,00:00:00.029000,0,0,0,1.080775
2024-02-01 00:00:00.108,1.08076,1.08079,2024-02-01,00:00:00.108000,0,0,0,1.080775
2024-02-01 00:00:00.154,1.08073,1.08081,2024-02-01,00:00:00.154000,0,0,0,1.08077
2024-02-01 00:00:00.201,1.08072,1.0808,2024-02-01,00:00:00.201000,0,0,0,1.08076
2024-02-01 00:00:00.217,1.08074,1.08079,2024-02-01,00:00:00.217000,0,0,0,1.080765
2024-02-01 00:00:00.233,1.08074,1.08077,2024-02-01,00:00:00.233000,0,0,0,1.080755
2024-02-01 00:00:00.248,1.08072,1.0808,2024-02-01,00:00:00.248000,0,0,0,1.08076
2024-02-01 00:00:00.373,1.08074,1.08077,2024-02-01,00:00:00.373000,0,0,0,1.080755
2024-02-01 00:00:00.420,1.08072,1.0808,2024-02-01,00:00:00.420000,0,0,0,1.08076
2024-02-01 00:00:00.545,1.08074,1.08077,2024-02-01,00:00:00.545000,0,0,0,1.080755
2024-02-01 00:00:00.717,1.08072,1.0808,2024-02-01,00:00:00.717000,0,0,0,1.08076
2024-02-01 00:00:00.748,1.08072,1.08081,2024-02-01,00:00:00.748000,0,0,0,1.080765
2024-02-01 00:00:00.795,1.08074,1.08077,2024-02-01,00:00:00.795000,0,0,0,1.080755
2024-02-01 00:00:00.811,1.08072,1.08081,2024-02-01,00:00:00.811000,0,0,0,1.080765
2024-02-01 00:00:00.904,1.08074,1.08077,2024-02-01,00:00:00.904000,0,0,0,1.080755
2024-02-01 00:00:01.092,1.08072,1.08081,2024-02-01,00:00:01.092000,0,0,1,1.080765
2024-02-01 00:00:01.092,1.08074,1.08077,2024-02-01,00:00:01.092000,0,0,1,1.080755
2024-02-01 00:00:01.123,1.08072,1.08081,2024-02-01,00:00:01.123000,0,0,1,1.080765
2024-02-01 00:00:01.170,1.08072,1.0808,2024-02-01,00:00:01.170000,0,0,1,1.08076
2024-02-01 00:00:01.201,1.08074,1.08077,2024-02-01,00:00:01.201000,0,0,1,1.080755
2024-02-01 00:00:01.248,1.08072,1.08081,2024-02-01,00:00:01.248000,0,0,1,1.080765
2024-02-01 00:00:01.311,1.08074,1.08077,2024-02-01,00:00:01.311000,0,0,1,1.080755
2024-02-01 00:00:01.326,1.08072,1.08081,2024-02-01,00:00:01.326000,0,0,1,1.080765
2024-02-01 00:00:01.420,1.08074,1.08077,2024-02-01,00:00:01.420000,0,0,1,1.080755
2024-02-01 00:00:01.498,1.08072,1.0808,2024-02-01,00:00:01.498000,0,0,1,1.08076
2024-02-01 00:00:01.545,1.08074,1.08077,2024-02-01,00:00:01.545000,0,0,1,1.080755
2024-02-01 00:00:01.576,1.08072,1.0808,2024-02-01,00:00:01.576000,0,0,1,1.08076
2024-02-01 00:00:01.576,1.08074,1.08078,2024-02-01,00:00:01.576000,0,0,1,1.0807600000000002
2024-02-01 00:00:01.592,1.08072,1.0808,2024-02-01,00:00:01.592000,0,0,1,1.08076
2024-02-01 00:00:01.686,1.08074,1.08078,2024-02-01,00:00:01.686000,0,0,1,1.0807600000000002
2024-02-01 00:00:01.717,1.08072,1.0808,2024-02-01,00:00:01.717000,0,0,1,1.08076
2024-02-01 00:00:01.904,1.08074,1.08078,2024-02-01,00:00:01.904000,0,0,1,1.0807600000000002
2024-02-01 00:00:02.342,1.08072,1.0808,2024-02-01,00:00:02.342000,0,0,2,1.08076
2024-02-01 00:00:02.342,1.08074,1.08078,2024-02-01,00:00:02.342000,0,0,2,1.0807600000000002
2024-02-01 00:00:02.404,1.08072,1.08081,2024-02-01,00:00:02.404000,0,0,2,1.080765
2024-02-01 00:00:02.451,1.08074,1.08078,2024-02-01,00:00:02.451000,0,0,2,1.0807600000000002
2024-02-01 00:00:02.717,1.08072,1.08081,2024-02-01,00:00:02.717000,0,0,2,1.080765
2024-02-01 00:00:02.967,1.08075,1.08078,2024-02-01,00:00:02.967000,0,0,2,1.080765
2024-02-01 00:00:02.983,1.08072,1.08081,2024-02-01,00:00:02.983000,0,0,2,1.080765
2024-02-01 00:00:03.092,1.08075,1.08078,2024-02-01,00:00:03.092000,0,0,3,1.080765
2024-02-01 00:00:03.092,1.08072,1.08081,2024-02-01,00:00:03.092000,0,0,3,1.080765
2024-02-01 00:00:03.123,1.08072,1.0808,2024-02-01,00:00:03.123000,0,0,3,1.08076
2024-02-01 00:00:03.186,1.08075,1.08078,2024-02-01,00:00:03.186000,0,0,3,1.080765
2024-02-01 00:00:03.217,1.08072,1.0808,2024-02-01,00:00:03.217000,0,0,3,1.08076
2024-02-01 00:00:03.733,1.08075,1.08078,2024-02-01,00:00:03.733000,0,0,3,1.080765
2024-02-01 00:00:03.811,1.08072,1.0808,2024-02-01,00:00:03.811000,0,0,3,1.08076
2024-02-01 00:00:03.842,1.08072,1.08081,2024-02-01,00:00:03.842000,0,0,3,1.080765
2024-02-01 00:00:03.842,1.08075,1.08078,2024-02-01,00:00:03.842000,0,0,3,1.080765
2024-02-01 00:00:03.920,1.08072,1.08081,2024-02-01,00:00:03.920000,0,0,3,1.080765
2024-02-01 00:00:03.951,1.08075,1.08078,2024-02-01,00:00:03.951000,0,0,3,1.080765
2024-02-01 00:00:03.967,1.08072,1.0808,2024-02-01,00:00:03.967000,0,0,3,1.08076
2024-02-01 00:00:04.061,1.08075,1.08078,2024-02-01,00:00:04.061000,0,0,4,1.080765
2024-02-01 00:00:04.139,1.08074,1.08078,2024-02-01,00:00:04.139000,0,0,4,1.0807600000000002
2024-02-01 00:00:04.186,1.08072,1.0808,2024-02-01,00:00:04.186000,0,0,4,1.08076
2024-02-01 00:00:04.248,1.08074,1.08078,2024-02-01,00:00:04.248000,0,0,4,1.0807600000000002
2024-02-01 00:00:04.498,1.08072,1.0808,2024-02-01,00:00:04.498000,0,0,4,1.08076
2024-02-01 00:00:04.576,1.08074,1.08078,2024-02-01,00:00:04.576000,0,0,4,1.0807600000000002
2024-02-01 00:00:04.826,1.08072,1.0808,2024-02-01,00:00:04.826000,0,0,4,1.08076
2024-02-01 00:00:05.045,1.08074,1.08077,2024-02-01,00:00:05.045000,0,0,5,1.080755
2024-02-01 00:00:05.061,1.08071,1.08079,2024-02-01,00:00:05.061000,0,0,5,1.08075
2024-02-01 00:00:05.076,1.08074,1.08076,2024-02-01,00:00:05.076000,0,0,5,1.08075
2024-02-01 00:00:05.123,1.0807,1.08078,2024-02-01,00:00:05.123000,0,0,5,1.08074
2024-02-01 00:00:05.139,1.08073,1.08076,2024-02-01,00:00:05.139000,0,0,5,1.0807449999999998
2024-02-01 00:00:05.139,1.0807,1.08078,2024-02-01,00:00:05.139000,0,0,5,1.08074
2024-02-01 00:00:05.170,1.08073,1.08075,2024-02-01,00:00:05.170000,0,0,5,1.08074
2024-02-01 00:00:05.186,1.08073,1.08076,2024-02-01,00:00:05.186000,0,0,5,1.0807449999999998
2024-02-01 00:00:05.233,1.0807,1.08078,2024-02-01,00:00:05.233000,0,0,5,1.08074
2024-02-01 00:00:05.248,1.0807,1.08077,2024-02-01,00:00:05.248000,0,0,5,1.080735
2024-02-01 00:00:05.248,1.08072,1.08074,2024-02-01,00:00:05.248000,0,0,5,1.08073
2024-02-01 00:00:05.264,1.08068,1.08077,2024-02-01,00:00:05.264000,0,0,5,1.0807250000000002
2024-02-01 00:00:05.311,1.08071,1.08074,2024-02-01,00:00:05.311000,0,0,5,1.0807250000000002
2024-02-01 00:00:05.311,1.08068,1.08077,2024-02-01,00:00:05.311000,0,0,5,1.0807250000000002
2024-02-01 00:00:05.404,1.08071,1.08074,2024-02-01,00:00:05.404000,0,0,5,1.0807250000000002
2024-02-01 00:00:05.576,1.08068,1.08077,2024-02-01,00:00:05.576000,0,0,5,1.0807250000000002
2024-02-01 00:00:05.623,1.08071,1.08074,2024-02-01,00:00:05.623000,0,0,5,1.0807250000000002
2024-02-01 00:00:05.623,1.08068,1.08077,2024-02-01,00:00:05.623000,0,0,5,1.0807250000000002
2024-02-01 00:00:05.639,1.0807,1.08074,2024-02-01,00:00:05.639000,0,0,5,1.08072
2024-02-01 00:00:05.654,1.08067,1.08076,2024-02-01,00:00:05.654000,0,0,5,1.080715
2024-02-01 00:00:05.670,1.08067,1.08075,2024-02-01,00:00:05.670000,0,0,5,1.08071
2024-02-01 00:00:05.733,1.08067,1.08076,2024-02-01,00:00:05.733000,0,0,5,1.080715
2024-02-01 00:00:05.764,1.0807,1.08074,2024-02-01,00:00:05.764000,0,0,5,1.08072
2024-02-01 00:00:05.779,1.08067,1.08077,2024-02-01,00:00:05.779000,0,0,5,1.08072
2024-02-01 00:00:05.858,1.0807,1.08074,2024-02-01,00:00:05.858000,0,0,5,1.08072
2024-02-01 00:00:05.967,1.08067,1.08077,2024-02-01,00:00:05.967000,0,0,5,1.08072
2024-02-01 00:00:06.295,1.0807,1.08074,2024-02-01,00:00:06.295000,0,0,6,1.08072
2024-02-01 00:00:06.514,1.08069,1.08074,2024-02-01,00:00:06.514000,0,0,6,1.080715
2024-02-01 00:00:06.623,1.08067,1.08077,2024-02-01,00:00:06.623000,0,0,6,1.08072
2024-02-01 00:00:06.623,1.08069,1.08074,2024-02-01,00:00:06.623000,0,0,6,1.080715
2024-02-01 00:00:06.779,1.08069,1.08073,2024-02-01,00:00:06.779000,0,0,6,1.0807099999999998
2024-02-01 00:00:06.795,1.08067,1.08076,2024-02-01,00:00:06.795000,0,0,6,1.080715
2024-02-01 00:00:06.936,1.08069,1.08073,2024-02-01,00:00:06.936000,0,0,6,1.0807099999999998
2024-02-01 00:00:06.967,1.08067,1.08076,2024-02-01,00:00:06.967000,0,0,6,1.080715
2024-02-01 00:00:06.998,1.08066,1.08075,2024-02-01,00:00:06.998000,0,0,6,1.080705
2024-02-01 00:00:07.029,1.08067,1.08075,2024-02-01,00:00:07.029000,0,0,7,1.08071
2024-02-01 00:00:07.076,1.08069,1.08073,2024-02-01,00:00:07.076000,0,0,7,1.0807099999999998
2024-02-01 00:00:07.092,1.08067,1.08075,2024-02-01,00:00:07.092000,0,0,7,1.08071
2024-02-01 00:00:07.342,1.08069,1.08073,2024-02-01,00:00:07.342000,0,0,7,1.0807099999999998
2024-02-01 00:00:07.451,1.08066,1.08075,2024-02-01,00:00:07.451000,0,0,7,1.080705
2024-02-01 00:00:07.467,1.08069,1.08073,2024-02-01,00:00:07.467000,0,0,7,1.0807099999999998
2024-02-01 00:00:07.483,1.08067,1.08075,2024-02-01,00:00:07.483000,0,0,7,1.08071
2024-02-01 00:00:07.529,1.08067,1.08076,2024-02-01,00:00:07.529000,0,0,7,1.080715
2024-02-01 00:00:07.545,1.08067,1.08075,2024-02-01,00:00:07.545000,0,0,7,1.08071
2024-02-01 00:00:07.608,1.08069,1.08073,2024-02-01,00:00:07.608000,0,0,7,1.0807099999999998
2024-02-01 00:00:07.654,1.08067,1.08076,2024-02-01,00:00:07.654000,0,0,7,1.080715
2024-02-01 00:00:07.686,1.08069,1.08073,2024-02-01,00:00:07.686000,0,0,7,1.0807099999999998
2024-02-01 00:00:07.748,1.08067,1.08076,2024-02-01,00:00:07.748000,0,0,7,1.080715
2024-02-01 00:00:07.998,1.08067,1.08077,2024-02-01,00:00:07.998000,0,0,7,1.08072
2024-02-01 00:00:07.998,1.08069,1.08073,2024-02-01,00:00:07.998000,0,0,7,1.0807099999999998
2024-02-01 00:00:08.014,1.08067,1.08077,2024-02-01,00:00:08.014000,0,0,8,1.08072
2024-02-01 00:00:08.108,1.08069,1.08073,2024-02-01,00:00:08.108000,0,0,8,1.0807099999999998
2024-02-01 00:00:08.123,1.08067,1.08077,2024-02-01,00:00:08.123000,0,0,8,1.08072
2024-02-01 00:00:08.201,1.08068,1.08077,2024-02-01,00:00:08.201000,0,0,8,1.0807250000000002
2024-02-01 00:00:08.217,1.0807,1.08074,2024-02-01,00:00:08.217000,0,0,8,1.08072
2024-02-01 00:00:08.233,1.08068,1.08077,2024-02-01,00:00:08.233000,0,0,8,1.0807250000000002
2024-02-01 00:00:08.248,1.08071,1.08074,2024-02-01,00:00:08.248000,0,0,8,1.0807250000000002
2024-02-01 00:00:08.264,1.08068,1.08077,2024-02-01,00:00:08.264000,0,0,8,1.0807250000000002
2024-02-01 00:00:08.342,1.08071,1.08074,2024-02-01,00:00:08.342000,0,0,8,1.0807250000000002
2024-02-01 00:00:08.389,1.08068,1.08077,2024-02-01,00:00:08.389000,0,0,8,1.0807250000000002
2024-02-01 00:00:08.451,1.08071,1.08074,2024-02-01,00:00:08.451000,0,0,8,1.0807250000000002
2024-02-01 00:00:08.717,1.08068,1.08077,2024-02-01,00:00:08.717000,0,0,8,1.0807250000000002
2024-02-01 00:00:08.779,1.08071,1.08074,2024-02-01,00:00:08.779000,0,0,8,1.0807250000000002
2024-02-01 00:00:08.936,1.08068,1.08077,2024-02-01,00:00:08.936000,0,0,8,1.0807250000000002
2024-02-01 00:00:08.967,1.08068,1.08076,2024-02-01,00:00:08.967000,0,0,8,1.08072
2024-02-01 00:00:08.998,1.08071,1.08074,2024-02-01,00:00:08.998000,0,0,8,1.0807250000000002
2024-02-01 00:00:09.014,1.08068,1.08077,2024-02-01,00:00:09.014000,0,0,9,1.0807250000000002
2024-02-01 00:00:09.014,1.08069,1.08074,2024-02-01,00:00:09.014000,0,0,9,1.080715
2024-02-01 00:00:09.029,1.08068,1.08077,2024-02-01,00:00:09.029000,0,0,9,1.0807250000000002
2024-02-01 00:00:09.233,1.08069,1.08074,2024-02-01,00:00:09.233000,0,0,9,1.080715
2024-02-01 00:00:09.623,1.08067,1.08076,2024-02-01,00:00:09.623000,0,0,9,1.080715
2024-02-01 00:00:09.654,1.08069,1.08073,2024-02-01,00:00:09.654000,0,0,9,1.0807099999999998
2024-02-01 00:00:09.670,1.08067,1.08075,2024-02-01,00:00:09.670000,0,0,9,1.08071
2024-02-01 00:00:09.686,1.08067,1.08076,2024-02-01,00:00:09.686000,0,0,9,1.080715
2024-02-01 00:00:09.748,1.08069,1.08073,2024-02-01,00:00:09.748000,0,0,9,1.0807099999999998
2024-02-01 00:00:09.764,1.08067,1.08076,2024-02-01,00:00:09.764000,0,0,9,1.080715
2024-02-01 00:00:09.858,1.08069,1.08073,2024-02-01,00:00:09.858000,0,0,9,1.0807099999999998
2024-02-01 00:00:09.998,1.08067,1.08076,2024-02-01,00:00:09.998000,0,0,9,1.080715
2024-02-01 00:00:10.029,1.08067,1.08077,2024-02-01,00:00:10.029000,0,0,10,1.08072
2024-02-01 00:00:10.076,1.08067,1.08076,2024-02-01,00:00:10.076000,0,0,10,1.080715
2024-02-01 00:00:10.076,1.08069,1.08073,2024-02-01,00:00:10.076000,0,0,10,1.0807099999999998
2024-02-01 00:00:10.154,1.08067,1.08076,2024-02-01,00:00:10.154000,0,0,10,1.080715
2024-02-01 00:00:10.295,1.08069,1.08073,2024-02-01,00:00:10.295000,0,0,10,1.0807099999999998
2024-02-01 00:00:10.342,1.08067,1.08076,2024-02-01,00:00:10.342000,0,0,10,1.080715
2024-02-01 00:00:10.342,1.0807,1.08073,2024-02-01,00:00:10.342000,0,0,10,1.080715
2024-02-01 00:00:10.592,1.08067,1.08076,2024-02-01,00:00:10.592000,0,0,10,1.080715
2024-02-01 00:00:10.670,1.0807,1.08073,2024-02-01,00:00:10.670000,0,0,10,1.080715
2024-02-01 00:00:10.764,1.08067,1.08076,2024-02-01,00:00:10.764000,0,0,10,1.080715
2024-02-01 00:00:10.779,1.0807,1.08073,2024-02-01,00:00:10.779000,0,0,10,1.080715
2024-02-01 00:00:10.811,1.08067,1.08076,2024-02-01,00:00:10.811000,0,0,10,1.080715
2024-02-01 00:00:11.467,1.08067,1.08075,2024-02-01,00:00:11.467000,0,0,11,1.08071
2024-02-01 00:00:11.498,1.08069,1.08073,2024-02-01,00:00:11.498000,0,0,11,1.0807099999999998
2024-02-01 00:00:11.498,1.08065,1.08075,2024-02-01,00:00:11.498000,0,0,11,1.0807000000000002
2024-02-01 00:00:11.561,1.08066,1.08075,2024-02-01,00:00:11.561000,0,0,11,1.080705
2024-02-01 00:00:11.592,1.08069,1.08073,2024-02-01,00:00:11.592000,0,0,11,1.0807099999999998
2024-02-01 00:00:11.654,1.08066,1.08075,2024-02-01,00:00:11.654000,0,0,11,1.080705
2024-02-01 00:00:11.717,1.08069,1.08073,2024-02-01,00:00:11.717000,0,0,11,1.0807099999999998
2024-02-01 00:00:11.779,1.08065,1.08075,2024-02-01,00:00:11.779000,0,0,11,1.0807000000000002
2024-02-01 00:00:11.826,1.08069,1.08073,2024-02-01,00:00:11.826000,0,0,11,1.0807099999999998
2024-02-01 00:00:11.842,1.08065,1.08075,2024-02-01,00:00:11.842000,0,0,11,1.0807000000000002
2024-02-01 00:00:11.873,1.08066,1.08075,2024-02-01,00:00:11.873000,0,0,11,1.080705
2024-02-01 00:00:11.936,1.08069,1.08073,2024-02-01,00:00:11.936000,0,0,11,1.0807099999999998
2024-02-01 00:00:12.764,1.08066,1.08075,2024-02-01,00:00:12.764000,0,0,12,1.080705
2024-02-01 00:00:12.842,1.08069,1.08073,2024-02-01,00:00:12.842000,0,0,12,1.0807099999999998
2024-02-01 00:00:12.873,1.08066,1.08075,2024-02-01,00:00:12.873000,0,0,12,1.080705
2024-02-01 00:00:13.076,1.08065,1.08075,2024-02-01,00:00:13.076000,0,0,13,1.0807000000000002
2024-02-01 00:00:13.092,1.08069,1.08073,2024-02-01,00:00:13.092000,0,0,13,1.0807099999999998
2024-02-01 00:00:13.108,1.08068,1.08072,2024-02-01,00:00:13.108000,0,0,13,1.0807
2024-02-01 00:00:13.123,1.08065,1.08074,2024-02-01,00:00:13.123000,0,0,13,1.080695
2024-02-01 00:00:13.467,1.08067,1.08072,2024-02-01,00:00:13.467000,0,0,13,1.080695
2024-02-01 00:00:13.639,1.08065,1.08075,2024-02-01,00:00:13.639000,0,0,13,1.0807000000000002
2024-02-01 00:00:13.686,1.08067,1.08072,2024-02-01,00:00:13.686000,0,0,13,1.080695
2024-02-01 00:00:13.701,1.08065,1.08075,2024-02-01,00:00:13.701000,0,0,13,1.0807000000000002
2024-02-01 00:00:14.123,1.08067,1.08072,2024-02-01,00:00:14.123000,0,0,14,1.080695
2024-02-01 00:00:14.842,1.08065,1.08075,2024-02-01,00:00:14.842000,0,0,14,1.0807000000000002
2024-02-01 00:00:14.858,1.08068,1.08072,2024-02-01,00:00:14.858000,0,0,14,1.0807
2024-02-01 00:00:14.858,1.08065,1.08075,2024-02-01,00:00:14.858000,0,0,14,1.0807000000000002
2024-02-01 00:00:14.967,1.08068,1.08072,2024-02-01,00:00:14.967000,0,0,14,1.0807
2024-02-01 00:00:15.061,1.08065,1.08075,2024-02-01,00:00:15.061000,0,0,15,1.0807000000000002
2024-02-01 00:00:15.061,1.08068,1.08072,2024-02-01,00:00:15.061000,0,0,15,1.0807
2024-02-01 00:00:15.748,1.08065,1.08075,2024-02-01,00:00:15.748000,0,0,15,1.0807000000000002
2024-02-01 00:00:15.826,1.08068,1.08072,2024-02-01,00:00:15.826000,0,0,15,1.0807
2024-02-01 00:00:16.061,1.08065,1.08075,2024-02-01,00:00:16.061000,0,0,16,1.0807000000000002
2024-02-01 00:00:16.170,1.08068,1.08072,2024-02-01,00:00:16.170000,0,0,16,1.0807
2024-02-01 00:00:16.201,1.08065,1.08075,2024-02-01,00:00:16.201000,0,0,16,1.0807000000000002
2024-02-01 00:00:16.264,1.08068,1.08072,2024-02-01,00:00:16.264000,0,0,16,1.0807
2024-02-01 00:00:16.765,1.08065,1.08075,2024-02-01,00:00:16.765000,0,0,16,1.0807000000000002
2024-02-01 00:00:17.046,1.08068,1.08073,2024-02-01,00:00:17.046000,0,0,17,1.080705
2024-02-01 00:00:17.046,1.08067,1.08076,2024-02-01,00:00:17.046000,0,0,17,1.080715
2024-02-01 00:00:17.124,1.08068,1.08077,2024-02-01,00:00:17.124000,0,0,17,1.0807250000000002
2024-02-01 00:00:17.124,1.0807,1.08074,2024-02-01,00:00:17.124000,0,0,17,1.08072
2024-02-01 00:00:17.155,1.08068,1.08077,2024-02-01,00:00:17.155000,0,0,17,1.0807250000000002
2024-02-01 00:00:17.233,1.0807,1.08074,2024-02-01,00:00:17.233000,0,0,17,1.08072
2024-02-01 00:00:17.249,1.08068,1.08077,2024-02-01,00:00:17.249000,0,0,17,1.0807250000000002
2024-02-01 00:00:17.312,1.0807,1.08074,2024-02-01,00:00:17.312000,0,0,17,1.08072
2024-02-01 00:00:17.312,1.0807,1.08075,2024-02-01,00:00:17.312000,0,0,17,1.0807250000000002
2024-02-01 00:00:17.452,1.08068,1.08077,2024-02-01,00:00:17.452000,0,0,17,1.0807250000000002
2024-02-01 00:00:17.874,1.0807,1.08075,2024-02-01,00:00:17.874000,0,0,17,1.0807250000000002
2024-02-01 00:00:17.890,1.08067,1.08077,2024-02-01,00:00:17.890000,0,0,17,1.08072
2024-02-01 00:00:17.921,1.08067,1.08076,2024-02-01,00:00:17.921000,0,0,17,1.080715
2024-02-01 00:00:17.983,1.0807,1.08075,2024-02-01,00:00:17.983000,0,0,17,1.0807250000000002
2024-02-01 00:00:18.015,1.08068,1.08076,2024-02-01,00:00:18.015000,0,0,18,1.08072
2024-02-01 00:00:18.077,1.0807,1.08074,2024-02-01,00:00:18.077000,0,0,18,1.08072
2024-02-01 00:00:18.202,1.08068,1.08076,2024-02-01,00:00:18.202000,0,0,18,1.08072
2024-02-01 00:00:18.405,1.0807,1.08074,2024-02-01,00:00:18.405000,0,0,18,1.08072
2024-02-01 00:00:18.905,1.08067,1.08076,2024-02-01,00:00:18.905000,0,0,18,1.080715
2024-02-01 00:00:18.952,1.0807,1.08074,2024-02-01,00:00:18.952000,0,0,18,1.08072
2024-02-01 00:00:19.218,1.08067,1.08076,2024-02-01,00:00:19.218000,0,0,19,1.080715
2024-02-01 00:00:19.280,1.0807,1.08074,2024-02-01,00:00:19.280000,0,0,19,1.08072
2024-02-01 00:00:19.671,1.08067,1.08076,2024-02-01,00:00:19.671000,0,0,19,1.080715
2024-02-01 00:00:19.921,1.0807,1.08074,2024-02-01,00:00:19.921000,0,0,19,1.08072
2024-02-01 00:00:19.952,1.08067,1.08076,2024-02-01,00:00:19.952000,0,0,19,1.080715
2024-02-01 00:00:20.030,1.0807,1.08074,2024-02-01,00:00:20.030000,0,0,20,1.08072
2024-02-01 00:00:20.202,1.08067,1.08076,2024-02-01,00:00:20.202000,0,0,20,1.080715
2024-02-01 00:00:20.265,1.0807,1.08073,2024-02-01,00:00:20.265000,0,0,20,1.080715
2024-02-01 00:00:20.265,1.08067,1.08075,2024-02-01,00:00:20.265000,0,0,20,1.08071
2024-02-01 00:00:20.296,1.08066,1.08075,2024-02-01,00:00:20.296000,0,0,20,1.080705
2024-02-01 00:00:20.312,1.08069,1.08073,2024-02-01,00:00:20.312000,0,0,20,1.0807099999999998
2024-02-01 00:00:20.358,1.08066,1.08075,2024-02-01,00:00:20.358000,0,0,20,1.080705
2024-02-01 00:00:20.374,1.08065,1.08075,2024-02-01,00:00:20.374000,0,0,20,1.0807000000000002
2024-02-01 00:00:20.405,1.08069,1.08073,2024-02-01,00:00:20.405000,0,0,20,1.0807099999999998
2024-02-01 00:00:20.421,1.08066,1.08075,2024-02-01,00:00:20.421000,0,0,20,1.080705
2024-02-01 00:00:20.499,1.08066,1.08074,2024-02-01,00:00:20.499000,0,0,20,1.0807
2024-02-01 00:00:20.515,1.08065,1.08074,2024-02-01,00:00:20.515000,0,0,20,1.080695
2024-02-01 00:00:20.515,1.08069,1.08073,2024-02-01,00:00:20.515000,0,0,20,1.0807099999999998
2024-02-01 00:00:20.546,1.08065,1.08075,2024-02-01,00:00:20.546000,0,0,20,1.0807000000000002
2024-02-01 00:00:20.624,1.08069,1.08073,2024-02-01,00:00:20.624000,0,0,20,1.0807099999999998
2024-02-01 00:00:20.749,1.08065,1.08074,2024-02-01,00:00:20.749000,0,0,20,1.080695
2024-02-01 00:00:20.796,1.08065,1.08075,2024-02-01,00:00:20.796000,0,0,20,1.0807000000000002
2024-02-01 00:00:20.843,1.08069,1.08073,2024-02-01,00:00:20.843000,0,0,20,1.0807099999999998
2024-02-01 00:00:20.905,1.08065,1.08075,2024-02-01,00:00:20.905000,0,0,20,1.0807000000000002
2024-02-01 00:00:20.952,1.08069,1.08073,2024-02-01,00:00:20.952000,0,0,20,1.0807099999999998
2024-02-01 00:00:20.999,1.08065,1.08075,2024-02-01,00:00:20.999000,0,0,20,1.0807000000000002
2024-02-01 00:00:21.015,1.08065,1.08074,2024-02-01,00:00:21.015000,0,0,21,1.080695
2024-02-01 00:00:21.046,1.08065,1.08075,2024-02-01,00:00:21.046000,0,0,21,1.0807000000000002
2024-02-01 00:00:21.062,1.08069,1.08073,2024-02-01,00:00:21.062000,0,0,21,1.0807099999999998
2024-02-01 00:00:21.077,1.08068,1.08072,2024-02-01,00:00:21.077000,0,0,21,1.0807
2024-02-01 00:00:21.077,1.08065,1.08074,2024-02-01,00:00:21.077000,0,0,21,1.080695
2024-02-01 00:00:21.187,1.08068,1.08072,2024-02-01,00:00:21.187000,0,0,21,1.0807
2024-02-01 00:00:21.202,1.08065,1.08074,2024-02-01,00:00:21.202000,0,0,21,1.080695
2024-02-01 00:00:21.296,1.08065,1.08073,2024-02-01,00:00:21.296000,0,0,21,1.0806900000000002
2024-02-01 00:00:21.312,1.08068,1.08071,2024-02-01,00:00:21.312000,0,0,21,1.080695
2024-02-01 00:00:21.312,1.08065,1.08073,2024-02-01,00:00:21.312000,0,0,21,1.0806900000000002
2024-02-01 00:00:21.421,1.08069,1.08073,2024-02-01,00:00:21.421000,0,0,21,1.0807099999999998
2024-02-01 00:00:21.421,1.08067,1.08075,2024-02-01,00:00:21.421000,0,0,21,1.08071
2024-02-01 00:00:21.452,1.08067,1.08076,2024-02-01,00:00:21.452000,0,0,21,1.080715
2024-02-01 00:00:21.530,1.08069,1.08073,2024-02-01,00:00:21.530000,0,0,21,1.0807099999999998
2024-02-01 00:00:21.530,1.08067,1.08076,2024-02-01,00:00:21.530000,0,0,21,1.080715
2024-02-01 00:00:21.640,1.08069,1.08073,2024-02-01,00:00:21.640000,0,0,21,1.0807099999999998
2024-02-01 00:00:21.890,1.08067,1.08076,2024-02-01,00:00:21.890000,0,0,21,1.080715
2024-02-01 00:00:22.077,1.08069,1.08073,2024-02-01,00:00:22.077000,0,0,22,1.0807099999999998
2024-02-01 00:00:22.077,1.08067,1.08076,2024-02-01,00:00:22.077000,0,0,22,1.080715
2024-02-01 00:00:22.187,1.08069,1.08073,2024-02-01,00:00:22.187000,0,0,22,1.0807099999999998
2024-02-01 00:00:22.218,1.08067,1.08077,2024-02-01,00:00:22.218000,0,0,22,1.08072
2024-02-01 00:00:22.249,1.08067,1.08076,2024-02-01,00:00:22.249000,0,0,22,1.080715
2024-02-01 00:00:22.296,1.08069,1.08073,2024-02-01,00:00:22.296000,0,0,22,1.0807099999999998
2024-02-01 00:00:22.437,1.08067,1.08076,2024-02-01,00:00:22.437000,0,0,22,1.080715
2024-02-01 00:00:22.483,1.08067,1.08077,2024-02-01,00:00:22.483000,0,0,22,1.08072
2024-02-01 00:00:22.515,1.08069,1.08073,2024-02-01,00:00:22.515000,0,0,22,1.0807099999999998
2024-02-01 00:00:22.687,1.08067,1.08076,2024-02-01,00:00:22.687000,0,0,22,1.080715
2024-02-01 00:00:22.687,1.0807,1.08073,2024-02-01,00:00:22.687000,0,0,22,1.080715
2024-02-01 00:00:22.702,1.08067,1.08076,2024-02-01,00:00:22.702000,0,0,22,1.080715
2024-02-01 00:00:22.796,1.0807,1.08073,2024-02-01,00:00:22.796000,0,0,22,1.080715
2024-02-01 00:00:23.015,1.08067,1.08076,2024-02-01,00:00:23.015000,0,0,23,1.080715
2024-02-01 00:00:23.124,1.0807,1.08073,2024-02-01,00:00:23.124000,0,0,23,1.080715
2024-02-01 00:00:23.718,1.08067,1.08076,2024-02-01,00:00:23.718000,0,0,23,1.080715
2024-02-01 00:00:24.218,1.0807,1.08073,2024-02-01,00:00:24.218000,0,0,24,1.080715
2024-02-01 00:00:24.530,1.08067,1.08076,2024-02-01,00:00:24.530000,0,0,24,1.080715
2024-02-01 00:00:24.546,1.0807,1.08073,2024-02-01,00:00:24.546000,0,0,24,1.080715
2024-02-01 00:00:24.546,1.08067,1.08076,2024-02-01,00:00:24.546000,0,0,24,1.080715
2024-02-01 00:00:24.655,1.0807,1.08073,2024-02-01,00:00:24.655000,0,0,24,1.080715
2024-02-01 00:00:24.718,1.08067,1.08076,2024-02-01,00:00:24.718000,0,0,24,1.080715
2024-02-01 00:00:24.874,1.0807,1.08073,2024-02-01,00:00:24.874000,0,0,24,1.080715
2024-02-01 00:00:24.905,1.08067,1.08076,2024-02-01,00:00:24.905000,0,0,24,1.080715
2024-02-01 00:00:25.093,1.0807,1.08073,2024-02-01,00:00:25.093000,0,0,25,1.080715
2024-02-01 00:00:25.593,1.08067,1.08076,2024-02-01,00:00:25.593000,0,0,25,1.080715
2024-02-01 00:00:25.749,1.0807,1.08073,2024-02-01,00:00:25.749000,0,0,25,1.080715
2024-02-01 00:00:26.124,1.08068,1.08076,2024-02-01,00:00:26.124000,0,0,26,1.08072
2024-02-01 00:00:26.140,1.08072,1.08074,2024-02-01,00:00:26.140000,0,0,26,1.08073
2024-02-01 00:00:26.155,1.0807,1.08077,2024-02-01,00:00:26.155000,0,0,26,1.080735
2024-02-01 00:00:26.187,1.08071,1.08074,2024-02-01,00:00:26.187000,0,0,26,1.0807250000000002
2024-02-01 00:00:26.202,1.0807,1.08077,2024-02-01,00:00:26.202000,0,0,26,1.080735
2024-02-01 00:00:26.218,1.0807,1.08078,2024-02-01,00:00:26.218000,0,0,26,1.08074
2024-02-01 00:00:26.233,1.08069,1.08077,2024-02-01,00:00:26.233000,0,0,26,1.08073
2024-02-01 00:00:26.280,1.08071,1.08074,2024-02-01,00:00:26.280000,0,0,26,1.0807250000000002
2024-02-01 00:00:26.296,1.0807,1.08077,2024-02-01,00:00:26.296000,0,0,26,1.080735
2024-02-01 00:00:26.312,1.08072,1.08074,2024-02-01,00:00:26.312000,0,0,26,1.08073
2024-02-01 00:00:26.327,1.0807,1.08077,2024-02-01,00:00:26.327000,0,0,26,1.080735
2024-02-01 00:00:26.421,1.08072,1.08074,2024-02-01,00:00:26.421000,0,0,26,1.08073
2024-02-01 00:00:26.499,1.0807,1.08077,2024-02-01,00:00:26.499000,0,0,26,1.080735
2024-02-01 00:00:26.530,1.08072,1.08074,2024-02-01,00:00:26.530000,0,0,26,1.08073
2024-02-01 00:00:26.749,1.0807,1.08077,2024-02-01,00:00:26.749000,0,0,26,1.080735
2024-02-01 00:00:26.780,1.08069,1.08077,2024-02-01,00:00:26.780000,0,0,26,1.08073
2024-02-01 00:00:26.858,1.08072,1.08074,2024-02-01,00:00:26.858000,0,0,26,1.08073
2024-02-01 00:00:27.140,1.08069,1.08077,2024-02-01,00:00:27.140000,0,0,27,1.08073
2024-02-01 00:00:27.155,1.08068,1.08077,2024-02-01,00:00:27.155000,0,0,27,1.0807250000000002
2024-02-01 00:00:27.187,1.08072,1.08074,2024-02-01,00:00:27.187000,0,0,27,1.08073
2024-02-01 00:00:27.202,1.08068,1.08077,2024-02-01,00:00:27.202000,0,0,27,1.0807250000000002
2024-02-01 00:00:27.296,1.08072,1.08074,2024-02-01,00:00:27.296000,0,0,27,1.08073
2024-02-01 00:00:27.468,1.08068,1.08077,2024-02-01,00:00:27.468000,0,0,27,1.0807250000000002
2024-02-01 00:00:27.515,1.08072,1.08074,2024-02-01,00:00:27.515000,0,0,27,1.08073
2024-02-01 00:00:27.671,1.08068,1.08077,2024-02-01,00:00:27.671000,0,0,27,1.0807250000000002
2024-02-01 00:00:27.671,1.08071,1.08074,2024-02-01,00:00:27.671000,0,0,27,1.0807250000000002
2024-02-01 00:00:27.796,1.08068,1.08077,2024-02-01,00:00:27.796000,0,0,27,1.0807250000000002
2024-02-01 00:00:28.218,1.08071,1.08074,2024-02-01,00:00:28.218000,0,0,28,1.0807250000000002
2024-02-01 00:00:28.515,1.08068,1.08077,2024-02-01,00:00:28.515000,0,0,28,1.0807250000000002
2024-02-01 00:00:28.546,1.08071,1.08074,2024-02-01,00:00:28.546000,0,0,28,1.0807250000000002
2024-02-01 00:00:29.405,1.08068,1.08077,2024-02-01,00:00:29.405000,0,0,29,1.0807250000000002
2024-02-01 00:00:30.343,1.08069,1.08077,2024-02-01,00:00:30.343000,0,0,30,1.08073
2024-02-01 00:00:30.733,1.08071,1.08074,2024-02-01,00:00:30.733000,0,0,30,1.0807250000000002
2024-02-01 00:00:30.874,1.08068,1.08077,2024-02-01,00:00:30.874000,0,0,30,1.0807250000000002
2024-02-01 00:00:31.780,1.08071,1.08074,2024-02-01,00:00:31.780000,0,0,31,1.0807250000000002
2024-02-01 00:00:32.530,1.08068,1.08077,2024-02-01,00:00:32.530000,0,0,32,1.0807250000000002
2024-02-01 00:00:33.374,1.08069,1.08077,2024-02-01,00:00:33.374000,0,0,33,1.08073
2024-02-01 00:00:33.421,1.0807,1.08077,2024-02-01,00:00:33.421000,0,0,33,1.080735
2024-02-01 00:00:33.437,1.08071,1.08074,2024-02-01,00:00:33.437000,0,0,33,1.0807250000000002
2024-02-01 00:00:33.437,1.0807,1.08077,2024-02-01,00:00:33.437000,0,0,33,1.080735
2024-02-01 00:00:33.483,1.08069,1.08077,2024-02-01,00:00:33.483000,0,0,33,1.08073
2024-02-01 00:00:33.530,1.08071,1.08074,2024-02-01,00:00:33.530000,0,0,33,1.0807250000000002
2024-02-01 00:00:33.608,1.08068,1.08077,2024-02-01,00:00:33.608000,0,0,33,1.0807250000000002
2024-02-01 00:00:33.640,1.08071,1.08074,2024-02-01,00:00:33.640000,0,0,33,1.0807250000000002
2024-02-01 00:00:33.733,1.08069,1.08077,2024-02-01,00:00:33.733000,0,0,33,1.08073
2024-02-01 00:00:33.937,1.08068,1.08077,2024-02-01,00:00:33.937000,0,0,33,1.0807250000000002
2024-02-01 00:00:33.968,1.08071,1.08074,2024-02-01,00:00:33.968000,0,0,33,1.0807250000000002
2024-02-01 00:00:33.968,1.08068,1.08077,2024-02-01,00:00:33.968000,0,0,33,1.0807250000000002
2024-02-01 00:00:34.077,1.08071,1.08074,2024-02-01,00:00:34.077000,0,0,34,1.0807250000000002
2024-02-01 00:00:34.093,1.08068,1.08077,2024-02-01,00:00:34.093000,0,0,34,1.0807250000000002
2024-02-01 00:00:34.624,1.08071,1.08074,2024-02-01,00:00:34.624000,0,0,34,1.0807250000000002
2024-02-01 00:00:34.890,1.08068,1.08077,2024-02-01,00:00:34.890000,0,0,34,1.0807250000000002
2024-02-01 00:00:34.905,1.08067,1.08077,2024-02-01,00:00:34.905000,0,0,34,1.08072
2024-02-01 00:00:34.937,1.08067,1.08076,2024-02-01,00:00:34.937000,0,0,34,1.080715
2024-02-01 00:00:34.952,1.08069,1.08074,2024-02-01,00:00:34.952000,0,0,34,1.080715
2024-02-01 00:00:34.968,1.08067,1.08076,2024-02-01,00:00:34.968000,0,0,34,1.080715
2024-02-01 00:00:35.062,1.08069,1.08074,2024-02-01,00:00:35.062000,0,0,35,1.080715
2024-02-01 00:00:35.093,1.08067,1.08076,2024-02-01,00:00:35.093000,0,0,35,1.080715
2024-02-01 00:00:35.171,1.08069,1.08074,2024-02-01,00:00:35.171000,0,0,35,1.080715
2024-02-01 00:00:35.187,1.08067,1.08076,2024-02-01,00:00:35.187000,0,0,35,1.080715
2024-02-01 00:00:35.265,1.08068,1.08076,2024-02-01,00:00:35.265000,0,0,35,1.08072
2024-02-01 00:00:35.296,1.08068,1.08077,2024-02-01,00:00:35.296000,0,0,35,1.0807250000000002
2024-02-01 00:00:35.296,1.08069,1.08074,2024-02-01,00:00:35.296000,0,0,35,1.080715
2024-02-01 00:00:35.296,1.0807,1.08074,2024-02-01,00:00:35.296000,0,0,35,1.08072
2024-02-01 00:00:35.296,1.08068,1.08077,2024-02-01,00:00:35.296000,0,0,35,1.0807250000000002
2024-02-01 00:00:35.390,1.08069,1.08077,2024-02-01,00:00:35.390000,0,0,35,1.08073
2024-02-01 00:00:35.405,1.0807,1.08074,2024-02-01,00:00:35.405000,0,0,35,1.08072
2024-02-01 00:00:35.421,1.08069,1.08077,2024-02-01,00:00:35.421000,0,0,35,1.08073
2024-02-01 00:00:35.952,1.0807,1.08074,2024-02-01,00:00:35.952000,0,0,35,1.08072
2024-02-01 00:00:36.296,1.08069,1.08077,2024-02-01,00:00:36.296000,0,0,36,1.08073
2024-02-01 00:00:36.843,1.0807,1.08074,2024-02-01,00:00:36.843000,0,0,36,1.08072
2024-02-01 00:00:36.921,1.08069,1.08077,2024-02-01,00:00:36.921000,0,0,36,1.08073
2024-02-01 00:00:36.952,1.0807,1.08074,2024-02-01,00:00:36.952000,0,0,36,1.08072
2024-02-01 00:00:36.952,1.08069,1.08076,2024-02-01,00:00:36.952000,0,0,36,1.080725
2024-02-01 00:00:37.062,1.0807,1.08074,2024-02-01,00:00:37.062000,0,0,37,1.08072
2024-02-01 00:00:38.390,1.08069,1.08077,2024-02-01,00:00:38.390000,0,0,38,1.08073
2024-02-01 00:00:38.483,1.0807,1.08074,2024-02-01,00:00:38.483000,0,0,38,1.08072
2024-02-01 00:00:38.499,1.08068,1.08076,2024-02-01,00:00:38.499000,0,0,38,1.08072
2024-02-01 00:00:38.593,1.0807,1.08074,2024-02-01,00:00:38.593000,0,0,38,1.08072
2024-02-01 00:00:39.487,1.08068,1.08076,2024-02-01,00:00:39.487000,0,0,39,1.08072
2024-02-01 00:00:39.768,1.08067,1.08076,2024-02-01,00:00:39.768000,0,0,39,1.080715
2024-02-01 00:00:39.799,1.0807,1.08072,2024-02-01,00:00:39.799000,0,0,39,1.0807099999999998
2024-02-01 00:00:39.815,1.08066,1.08073,2024-02-01,00:00:39.815000,0,0,39,1.080695
2024-02-01 00:00:39.862,1.08065,1.08073,2024-02-01,00:00:39.862000,0,0,39,1.0806900000000002
2024-02-01 00:00:39.862,1.08068,1.08072,2024-02-01,00:00:39.862000,0,0,39,1.0807
2024-02-01 00:00:39.877,1.08065,1.08073,2024-02-01,00:00:39.877000,0,0,39,1.0806900000000002
2024-02-01 00:00:39.971,1.08068,1.08072,2024-02-01,00:00:39.971000,0,0,39,1.0807
2024-02-01 00:00:40.299,1.08065,1.08073,2024-02-01,00:00:40.299000,0,0,40,1.0806900000000002
2024-02-01 00:00:40.377,1.08068,1.08072,2024-02-01,00:00:40.377000,0,0,40,1.0807
2024-02-01 00:00:40.737,1.08065,1.08073,2024-02-01,00:00:40.737000,0,0,40,1.0806900000000002
2024-02-01 00:00:40.924,1.08068,1.08072,2024-02-01,00:00:40.924000,0,0,40,1.0807
2024-02-01 00:00:40.987,1.08065,1.08073,2024-02-01,00:00:40.987000,0,0,40,1.0806900000000002
2024-02-01 00:00:41.049,1.08067,1.08071,2024-02-01,00:00:41.049000,0,0,41,1.0806900000000002
2024-02-01 00:00:41.721,1.08065,1.08073,2024-02-01,00:00:41.721000,0,0,41,1.0806900000000002
2024-02-01 00:00:41.987,1.08066,1.08073,2024-02-01,00:00:41.987000,0,0,41,1.080695
2024-02-01 00:00:42.002,1.08069,1.08072,2024-02-01,00:00:42.002000,0,0,42,1.080705
2024-02-01 00:00:42.018,1.08067,1.08075,2024-02-01,00:00:42.018000,0,0,42,1.08071
2024-02-01 00:00:42.081,1.08067,1.08076,2024-02-01,00:00:42.081000,0,0,42,1.080715
2024-02-01 00:00:42.127,1.08069,1.08072,2024-02-01,00:00:42.127000,0,0,42,1.080705
2024-02-01 00:00:42.159,1.08067,1.08076,2024-02-01,00:00:42.159000,0,0,42,1.080715
2024-02-01 00:00:42.221,1.08069,1.08072,2024-02-01,00:00:42.221000,0,0,42,1.080705
2024-02-01 00:00:42.252,1.08067,1.08076,2024-02-01,00:00:42.252000,0,0,42,1.080715
2024-02-01 00:00:42.268,1.08069,1.08074,2024-02-01,00:00:42.268000,0,0,42,1.080715
2024-02-01 00:00:42.284,1.08067,1.08076,2024-02-01,00:00:42.284000,0,0,42,1.080715
2024-02-01 00:00:42.377,1.08069,1.08074,2024-02-01,00:00:42.377000,0,0,42,1.080715
2024-02-01 00:00:42.409,1.08067,1.08076,2024-02-01,00:00:42.409000,0,0,42,1.080715
2024-02-01 00:00:42.487,1.08069,1.08074,2024-02-01,00:00:42.487000,0,0,42,1.080715
2024-02-01 00:00:43.018,1.08067,1.08076,2024-02-01,00:00:43.018000,0,0,43,1.080715
2024-02-01 00:00:43.362,1.08069,1.08074,2024-02-01,00:00:43.362000,0,0,43,1.080715
2024-02-01 00:00:44.112,1.08067,1.08076,2024-02-01,00:00:44.112000,0,0,44,1.080715
2024-02-01 00:00:44.159,1.08067,1.08075,2024-02-01,00:00:44.159000,0,0,44,1.08071
2024-02-01 00:00:44.221,1.08069,1.08074,2024-02-01,00:00:44.221000,0,0,44,1.080715
2024-02-01 00:00:44.221,1.08067,1.08076,2024-02-01,00:00:44.221000,0,0,44,1.080715
2024-02-01 00:00:44.331,1.08069,1.08074,2024-02-01,00:00:44.331000,0,0,44,1.080715
2024-02-01 00:00:44.721,1.08067,1.08076,2024-02-01,00:00:44.721000,0,0,44,1.080715
2024-02-01 00:00:44.768,1.08069,1.08074,2024-02-01,00:00:44.768000,0,0,44,1.080715
2024-02-01 00:00:44.768,1.08067,1.08076,2024-02-01,00:00:44.768000,0,0,44,1.080715
2024-02-01 00:00:44.877,1.08069,1.08074,2024-02-01,00:00:44.877000,0,0,44,1.080715
2024-02-01 00:00:45.237,1.08067,1.08076,2024-02-01,00:00:45.237000,0,0,45,1.080715
2024-02-01 00:00:45.424,1.08069,1.08074,2024-02-01,00:00:45.424000,0,0,45,1.080715
2024-02-01 00:00:47.596,1.08067,1.08076,2024-02-01,00:00:47.596000,0,0,47,1.080715
2024-02-01 00:00:47.612,1.08069,1.08074,2024-02-01,00:00:47.612000,0,0,47,1.080715
2024-02-01 00:00:47.721,1.08067,1.08076,2024-02-01,00:00:47.721000,0,0,47,1.080715
2024-02-01 00:00:48.581,1.08069,1.08074,2024-02-01,00:00:48.581000,0,0,48,1.080715
2024-02-01 00:00:49.018,1.08067,1.08076,2024-02-01,00:00:49.018000,0,0,49,1.080715
2024-02-01 00:00:49.127,1.08069,1.08074,2024-02-01,00:00:49.127000,0,0,49,1.080715
2024-02-01 00:00:49.237,1.08067,1.08076,2024-02-01,00:00:49.237000,0,0,49,1.080715
2024-02-01 00:00:49.346,1.08069,1.08074,2024-02-01,00:00:49.346000,0,0,49,1.080715
2024-02-01 00:00:49.377,1.08067,1.08075,2024-02-01,00:00:49.377000,0,0,49,1.08071
2024-02-01 00:00:49.393,1.08067,1.08076,2024-02-01,00:00:49.393000,0,0,49,1.080715
2024-02-01 00:00:49.471,1.08069,1.08074,2024-02-01,00:00:49.471000,0,0,49,1.080715
2024-02-01 00:00:49.487,1.08067,1.08076,2024-02-01,00:00:49.487000,0,0,49,1.080715
2024-02-01 00:00:49.565,1.08069,1.08074,2024-02-01,00:00:49.565000,0,0,49,1.080715
2024-02-01 00:00:50.377,1.08067,1.08076,2024-02-01,00:00:50.377000,0,0,50,1.080715
2024-02-01 00:00:51.002,1.08069,1.08074,2024-02-01,00:00:51.002000,0,0,51,1.080715
2024-02-01 00:00:51.034,1.08068,1.08076,2024-02-01,00:00:51.034000,0,0,51,1.08072
2024-02-01 00:00:51.174,1.08069,1.08074,2024-02-01,00:00:51.174000,0,0,51,1.080715
2024-02-01 00:00:51.362,1.08068,1.08076,2024-02-01,00:00:51.362000,0,0,51,1.08072
2024-02-01 00:00:51.721,1.08069,1.08074,2024-02-01,00:00:51.721000,0,0,51,1.080715
2024-02-01 00:00:52.362,1.08068,1.08076,2024-02-01,00:00:52.362000,0,0,52,1.08072
2024-02-01 00:00:52.456,1.08067,1.08076,2024-02-01,00:00:52.456000,0,0,52,1.080715
2024-02-01 00:00:52.487,1.08069,1.08074,2024-02-01,00:00:52.487000,0,0,52,1.080715
2024-02-01 00:00:53.846,1.0807,1.08074,2024-02-01,00:00:53.846000,0,0,53,1.08072
2024-02-01 00:00:54.049,1.08068,1.08076,2024-02-01,00:00:54.049000,0,0,54,1.08072
2024-02-01 00:00:54.065,1.0807,1.08074,2024-02-01,00:00:54.065000,0,0,54,1.08072
2024-02-01 00:00:54.362,1.08068,1.08076,2024-02-01,00:00:54.362000,0,0,54,1.08072
2024-02-01 00:00:54.581,1.08067,1.08076,2024-02-01,00:00:54.581000,0,0,54,1.080715
2024-02-01 00:00:54.612,1.0807,1.08074,2024-02-01,00:00:54.612000,0,0,54,1.08072
2024-02-01 00:00:54.784,1.08067,1.08076,2024-02-01,00:00:54.784000,0,0,54,1.080715
2024-02-01 00:00:55.268,1.0807,1.08074,2024-02-01,00:00:55.268000,0,0,55,1.08072
2024-02-01 00:00:55.362,1.08067,1.08076,2024-02-01,00:00:55.362000,0,0,55,1.080715
2024-02-01 00:00:55.377,1.0807,1.08074,2024-02-01,00:00:55.377000,0,0,55,1.08072
2024-02-01 00:00:56.315,1.08067,1.08076,2024-02-01,00:00:56.315000,0,0,56,1.080715
2024-02-01 00:00:56.690,1.0807,1.08074,2024-02-01,00:00:56.690000,0,0,56,1.08072
2024-02-01 00:00:58.206,1.08067,1.08076,2024-02-01,00:00:58.206000,0,0,58,1.080715
2024-02-01 00:00:58.221,1.08069,1.08073,2024-02-01,00:00:58.221000,0,0,58,1.0807099999999998
2024-02-01 00:00:58.237,1.08067,1.08075,2024-02-01,00:00:58.237000,0,0,58,1.08071
2024-02-01 00:00:58.284,1.08067,1.08074,2024-02-01,00:00:58.284000,0,0,58,1.080705
2024-02-01 00:00:58.284,1.08068,1.08072,2024-02-01,00:00:58.284000,0,0,58,1.0807
2024-02-01 00:00:58.299,1.08067,1.08075,2024-02-01,00:00:58.299000,0,0,58,1.08071
2024-02-01 00:00:58.362,1.08069,1.08073,2024-02-01,00:00:58.362000,0,0,58,1.0807099999999998
2024-02-01 00:00:58.424,1.08067,1.08075,2024-02-01,00:00:58.424000,0,0,58,1.08071
2024-02-01 00:00:58.440,1.08067,1.08073,2024-02-01,00:00:58.440000,0,0,58,1.0807
2024-02-01 00:00:58.456,1.08068,1.08071,2024-02-01,00:00:58.456000,0,0,58,1.080695
2024-02-01 00:00:58.487,1.08067,1.08072,2024-02-01,00:00:58.487000,0,0,58,1.080695
2024-02-01 00:00:58.534,1.08066,1.08072,2024-02-01,00:00:58.534000,0,0,58,1.08069
2024-02-01 00:00:58.549,1.08067,1.08071,2024-02-01,00:00:58.549000,0,0,58,1.0806900000000002
2024-02-01 00:00:58.565,1.08065,1.08072,2024-02-01,00:00:58.565000,0,0,58,1.080685
2024-02-01 00:00:58.659,1.08067,1.08071,2024-02-01,00:00:58.659000,0,0,58,1.0806900000000002
2024-02-01 00:00:58.768,1.08065,1.08072,2024-02-01,00:00:58.768000,0,0,58,1.080685
2024-02-01 00:00:58.768,1.08067,1.08071,2024-02-01,00:00:58.768000,0,0,58,1.0806900000000002
2024-02-01 00:00:58.799,1.08065,1.08072,2024-02-01,00:00:58.799000,0,0,58,1.080685
2024-02-01 00:00:59.096,1.08067,1.08071,2024-02-01,00:00:59.096000,0,0,59,1.0806900000000002
2024-02-01 00:00:59.674,1.08066,1.08071,2024-02-01,00:00:59.674000,0,0,59,1.080685
2024-02-01 00:00:59.799,1.08065,1.08072,2024-02-01,00:00:59.799000,0,0,59,1.080685
2024-02-01 00:01:00.127,1.08066,1.08071,2024-02-01,00:01:00.127000,0,1,0,1.080685
2024-02-01 00:01:00.159,1.08065,1.08072,2024-02-01,00:01:00.159000,0,1,0,1.080685
2024-02-01 00:01:00.252,1.08066,1.08071,2024-02-01,00:01:00.252000,0,1,0,1.080685
2024-02-01 00:01:00.549,1.08065,1.08072,2024-02-01,00:01:00.549000,0,1,0,1.080685
2024-02-01 00:01:00.893,1.08066,1.08071,2024-02-01,00:01:00.893000,0,1,0,1.080685
2024-02-01 00:01:01.299,1.08065,1.08072,2024-02-01,00:01:01.299000,0,1,1,1.080685
2024-02-01 00:01:01.331,1.08066,1.08071,2024-02-01,00:01:01.331000,0,1,1,1.080685
2024-02-01 00:01:01.456,1.08065,1.08072,2024-02-01,00:01:01.456000,0,1,1,1.080685
2024-02-01 00:01:01.690,1.08067,1.08071,2024-02-01,00:01:01.690000,0,1,1,1.0806900000000002
2024-02-01 00:01:01.706,1.08065,1.08072,2024-02-01,00:01:01.706000,0,1,1,1.080685
2024-02-01 00:01:01.768,1.08066,1.08071,2024-02-01,00:01:01.768000,0,1,1,1.080685
2024-02-01 00:01:01.799,1.08065,1.08072,2024-02-01,00:01:01.799000,0,1,1,1.080685
2024-02-01 00:01:01.877,1.08066,1.08071,2024-02-01,00:01:01.877000,0,1,1,1.080685
2024-02-01 00:01:01.877,1.08065,1.08072,2024-02-01,00:01:01.877000,0,1,1,1.080685
2024-02-01 00:01:01.987,1.08066,1.08071,2024-02-01,00:01:01.987000,0,1,1,1.080685
2024-02-01 00:01:02.159,1.08065,1.08072,2024-02-01,00:01:02.159000,0,1,2,1.080685
2024-02-01 00:01:02.237,1.08067,1.08071,2024-02-01,00:01:02.237000,0,1,2,1.0806900000000002
2024-02-01 00:01:02.237,1.08066,1.08072,2024-02-01,00:01:02.237000,0,1,2,1.08069
2024-02-01 00:01:02.362,1.08067,1.08071,2024-02-01,00:01:02.362000,0,1,2,1.0806900000000002
2024-02-01 00:01:02.487,1.08066,1.08071,2024-02-01,00:01:02.487000,0,1,2,1.080685
2024-02-01 00:01:02.502,1.08066,1.08072,2024-02-01,00:01:02.502000,0,1,2,1.08069
2024-02-01 00:01:02.596,1.08065,1.08072,2024-02-01,00:01:02.596000,0,1,2,1.080685
2024-02-01 00:01:02.596,1.08066,1.08071,2024-02-01,00:01:02.596000,0,1,2,1.080685
2024-02-01 00:01:02.612,1.08065,1.08072,2024-02-01,00:01:02.612000,0,1,2,1.080685
2024-02-01 00:01:02.815,1.08066,1.08071,2024-02-01,00:01:02.815000,0,1,2,1.080685
2024-02-01 00:01:03.065,1.08065,1.08072,2024-02-01,00:01:03.065000,0,1,3,1.080685
2024-02-01 00:01:03.065,1.08067,1.08071,2024-02-01,00:01:03.065000,0,1,3,1.0806900000000002
2024-02-01 00:01:03.331,1.08065,1.08072,2024-02-01,00:01:03.331000,0,1,3,1.080685
2024-02-01 00:01:03.393,1.08067,1.08071,2024-02-01,00:01:03.393000,0,1,3,1.0806900000000002
2024-02-01 00:01:03.799,1.08065,1.08072,2024-02-01,00:01:03.799000,0,1,3,1.080685
2024-02-01 00:01:03.940,1.08067,1.08071,2024-02-01,00:01:03.940000,0,1,3,1.0806900000000002
2024-02-01 00:01:04.049,1.08065,1.08072,2024-02-01,00:01:04.049000,0,1,4,1.080685
2024-02-01 00:01:04.065,1.08068,1.08071,2024-02-01,00:01:04.065000,0,1,4,1.080695
2024-02-01 00:01:04.081,1.08068,1.08074,2024-02-01,00:01:04.081000,0,1,4,1.08071
2024-02-01 00:01:04.081,1.08069,1.08073,2024-02-01,00:01:04.081000,0,1,4,1.0807099999999998
2024-02-01 00:01:04.127,1.08068,1.08074,2024-02-01,00:01:04.127000,0,1,4,1.08071
2024-02-01 00:01:04.159,1.08067,1.08074,2024-02-01,00:01:04.159000,0,1,4,1.080705
2024-02-01 00:01:04.159,1.08069,1.08072,2024-02-01,00:01:04.159000,0,1,4,1.080705
2024-02-01 00:01:04.174,1.08069,1.08073,2024-02-01,00:01:04.174000,0,1,4,1.0807099999999998
2024-02-01 00:01:04.174,1.08067,1.08076,2024-02-01,00:01:04.174000,0,1,4,1.080715
2024-02-01 00:01:04.268,1.08069,1.08073,2024-02-01,00:01:04.268000,0,1,4,1.0807099999999998
2024-02-01 00:01:04.299,1.08067,1.08076,2024-02-01,00:01:04.299000,0,1,4,1.080715
2024-02-01 00:01:04.315,1.08068,1.08073,2024-02-01,00:01:04.315000,0,1,4,1.080705
2024-02-01 00:01:04.315,1.08067,1.08076,2024-02-01,00:01:04.315000,0,1,4,1.080715
2024-02-01 00:01:04.362,1.08069,1.08074,2024-02-01,00:01:04.362000,0,1,4,1.080715
2024-02-01 00:01:04.377,1.08068,1.08076,2024-02-01,00:01:04.377000,0,1,4,1.08072
2024-02-01 00:01:04.393,1.08067,1.08074,2024-02-01,00:01:04.393000,0,1,4,1.080705
2024-02-01 00:01:04.393,1.08068,1.08073,2024-02-01,00:01:04.393000,0,1,4,1.080705
2024-02-01 00:01:04.409,1.08069,1.08073,2024-02-01,00:01:04.409000,0,1,4,1.0807099999999998
2024-02-01 00:01:04.424,1.08068,1.08076,2024-02-01,00:01:04.424000,0,1,4,1.08072
2024-02-01 00:01:04.456,1.08069,1.08077,2024-02-01,00:01:04.456000,0,1,4,1.08073
2024-02-01 00:01:04.456,1.0807,1.08075,2024-02-01,00:01:04.456000,0,1,4,1.0807250000000002
2024-02-01 00:01:04.487,1.08069,1.08077,2024-02-01,00:01:04.487000,0,1,4,1.08073
2024-02-01 00:01:04.502,1.08071,1.08075,2024-02-01,00:01:04.502000,0,1,4,1.08073
2024-02-01 00:01:04.502,1.0807,1.08077,2024-02-01,00:01:04.502000,0,1,4,1.080735
2024-02-01 00:01:04.534,1.08071,1.08076,2024-02-01,00:01:04.534000,0,1,4,1.080735
2024-02-01 00:01:04.534,1.0807,1.08077,2024-02-01,00:01:04.534000,0,1,4,1.080735
2024-02-01 00:01:04.565,1.08071,1.08077,2024-02-01,00:01:04.565000,0,1,4,1.08074
2024-02-01 00:01:04.565,1.0807,1.08077,2024-02-01,00:01:04.565000,0,1,4,1.080735
2024-02-01 00:01:04.565,1.08071,1.08076,2024-02-01,00:01:04.565000,0,1,4,1.080735
2024-02-01 00:01:04.581,1.0807,1.08077,2024-02-01,00:01:04.581000,0,1,4,1.080735
2024-02-01 00:01:04.596,1.08068,1.08075,2024-02-01,00:01:04.596000,0,1,4,1.080715
2024-02-01 00:01:04.612,1.08069,1.08074,2024-02-01,00:01:04.612000,0,1,4,1.080715
2024-02-01 00:01:04.627,1.08068,1.08076,2024-02-01,00:01:04.627000,0,1,4,1.08072
2024-02-01 00:01:04.627,1.08069,1.08075,2024-02-01,00:01:04.627000,0,1,4,1.08072
2024-02-01 00:01:04.643,1.08068,1.08077,2024-02-01,00:01:04.643000,0,1,4,1.0807250000000002
2024-02-01 00:01:04.690,1.08067,1.08077,2024-02-01,00:01:04.690000,0,1,4,1.08072
2024-02-01 00:01:04.706,1.08068,1.08073,2024-02-01,00:01:04.706000,0,1,4,1.080705
2024-02-01 00:01:04.706,1.08067,1.08075,2024-02-01,00:01:04.706000,0,1,4,1.08071
2024-02-01 00:01:04.737,1.08067,1.08076,2024-02-01,00:01:04.737000,0,1,4,1.080715
2024-02-01 00:01:04.784,1.08068,1.08073,2024-02-01,00:01:04.784000,0,1,4,1.080705
2024-02-01 00:01:04.815,1.08067,1.08075,2024-02-01,00:01:04.815000,0,1,4,1.08071
2024-02-01 00:01:04.846,1.08067,1.08076,2024-02-01,00:01:04.846000,0,1,4,1.080715
2024-02-01 00:01:04.877,1.08068,1.08073,2024-02-01,00:01:04.877000,0,1,4,1.080705
2024-02-01 00:01:04.893,1.08067,1.08075,2024-02-01,00:01:04.893000,0,1,4,1.08071
2024-02-01 00:01:04.909,1.08068,1.08073,2024-02-01,00:01:04.909000,0,1,4,1.080705
2024-02-01 00:01:04.924,1.08067,1.08076,2024-02-01,00:01:04.924000,0,1,4,1.080715
2024-02-01 00:01:04.971,1.08067,1.08075,2024-02-01,00:01:04.971000,0,1,4,1.08071
2024-02-01 00:01:05.034,1.08068,1.08073,2024-02-01,00:01:05.034000,0,1,5,1.080705
2024-02-01 00:01:05.049,1.08067,1.08076,2024-02-01,00:01:05.049000,0,1,5,1.080715
2024-02-01 00:01:05.127,1.08068,1.08073,2024-02-01,00:01:05.127000,0,1,5,1.080705
2024-02-01 00:01:05.268,1.08067,1.08076,2024-02-01,00:01:05.268000,0,1,5,1.080715
2024-02-01 00:01:05.284,1.08069,1.08073,2024-02-01,00:01:05.284000,0,1,5,1.0807099999999998
2024-02-01 00:01:05.284,1.08067,1.08076,2024-02-01,00:01:05.284000,0,1,5,1.080715
2024-02-01 00:01:05.393,1.08069,1.08073,2024-02-01,00:01:05.393000,0,1,5,1.0807099999999998
2024-02-01 00:01:05.393,1.08067,1.08076,2024-02-01,00:01:05.393000,0,1,5,1.080715
2024-02-01 00:01:05.456,1.08069,1.08074,2024-02-01,00:01:05.456000,0,1,5,1.080715
2024-02-01 00:01:05.502,1.08067,1.08076,2024-02-01,00:01:05.502000,0,1,5,1.080715
2024-02-01 00:01:05.565,1.08069,1.08074,2024-02-01,00:01:05.565000,0,1,5,1.080715
2024-02-01 00:01:05.721,1.08067,1.08076,2024-02-01,00:01:05.721000,0,1,5,1.080715
2024-02-01 00:01:05.784,1.08069,1.08074,2024-02-01,00:01:05.784000,0,1,5,1.080715
2024-02-01 00:01:06.659,1.08067,1.08076,2024-02-01,00:01:06.659000,0,1,6,1.080715
2024-02-01 00:01:06.674,1.08069,1.08074,2024-02-01,00:01:06.674000,0,1,6,1.080715
2024-02-01 00:01:06.674,1.08067,1.08077,2024-02-01,00:01:06.674000,0,1,6,1.08072
2024-02-01 00:01:06.768,1.08069,1.08074,2024-02-01,00:01:06.768000,0,1,6,1.080715
2024-02-01 00:01:06.784,1.08068,1.08077,2024-02-01,00:01:06.784000,0,1,6,1.0807250000000002
2024-02-01 00:01:06.956,1.08069,1.08074,2024-02-01,00:01:06.956000,0,1,6,1.080715
2024-02-01 00:01:06.971,1.08067,1.08076,2024-02-01,00:01:06.971000,0,1,6,1.080715
2024-02-01 00:01:07.440,1.08069,1.08074,2024-02-01,00:01:07.440000,0,1,7,1.080715
2024-02-01 00:01:07.518,1.08067,1.08076,2024-02-01,00:01:07.518000,0,1,7,1.080715
2024-02-01 00:01:07.549,1.08069,1.08074,2024-02-01,00:01:07.549000,0,1,7,1.080715
2024-02-01 00:01:07.549,1.08067,1.08076,2024-02-01,00:01:07.549000,0,1,7,1.080715
2024-02-01 00:01:07.768,1.08069,1.08074,2024-02-01,00:01:07.768000,0,1,7,1.080715
2024-02-01 00:01:08.737,1.08067,1.08076,2024-02-01,00:01:08.737000,0,1,8,1.080715
2024-02-01 00:01:08.752,1.08069,1.08074,2024-02-01,00:01:08.752000,0,1,8,1.080715
2024-02-01 00:01:08.752,1.08067,1.08076,2024-02-01,00:01:08.752000,0,1,8,1.080715
2024-02-01 00:01:08.877,1.08069,1.08074,2024-02-01,00:01:08.877000,0,1,8,1.080715
2024-02-01 00:01:08.924,1.08067,1.08075,2024-02-01,00:01:08.924000,0,1,8,1.08071
2024-02-01 00:01:08.971,1.08069,1.08074,2024-02-01,00:01:08.971000,0,1,8,1.080715
2024-02-01 00:01:08.987,1.08067,1.08076,2024-02-01,00:01:08.987000,0,1,8,1.080715
2024-02-01 00:01:09.237,1.08067,1.08075,2024-02-01,00:01:09.237000,0,1,9,1.08071
2024-02-01 00:01:09.252,1.08068,1.08072,2024-02-01,00:01:09.252000,0,1,9,1.0807
2024-02-01 00:01:09.284,1.08066,1.08075,2024-02-01,00:01:09.284000,0,1,9,1.080705
2024-02-01 00:01:09.315,1.08065,1.08075,2024-02-01,00:01:09.315000,0,1,9,1.0807000000000002
2024-02-01 00:01:09.424,1.08068,1.08072,2024-02-01,00:01:09.424000,0,1,9,1.0807
2024-02-01 00:01:09.752,1.08065,1.08075,2024-02-01,00:01:09.752000,0,1,9,1.0807000000000002
2024-02-01 00:01:09.752,1.08068,1.08072,2024-02-01,00:01:09.752000,0,1,9,1.0807
2024-02-01 00:01:09.768,1.08065,1.08075,2024-02-01,00:01:09.768000,0,1,9,1.0807000000000002
2024-02-01 00:01:09.862,1.08068,1.08072,2024-02-01,00:01:09.862000,0,1,9,1.0807
2024-02-01 00:01:09.924,1.08065,1.08075,2024-02-01,00:01:09.924000,0,1,9,1.0807000000000002
2024-02-01 00:01:09.956,1.08067,1.08075,2024-02-01,00:01:09.956000,0,1,9,1.08071
2024-02-01 00:01:09.971,1.08068,1.08072,2024-02-01,00:01:09.971000,0,1,9,1.0807
2024-02-01 00:01:10.065,1.08067,1.08075,2024-02-01,00:01:10.065000,0,1,10,1.08071
2024-02-01 00:01:10.081,1.08068,1.08072,2024-02-01,00:01:10.081000,0,1,10,1.0807
2024-02-01 00:01:10.346,1.08067,1.08075,2024-02-01,00:01:10.346000,0,1,10,1.08071
2024-02-01 00:01:10.940,1.08068,1.08072,2024-02-01,00:01:10.940000,0,1,10,1.0807
2024-02-01 00:01:10.971,1.08067,1.08075,2024-02-01,00:01:10.971000,0,1,10,1.08071
2024-02-01 00:01:11.346,1.08067,1.08076,2024-02-01,00:01:11.346000,0,1,11,1.080715
2024-02-01 00:01:11.377,1.08068,1.08072,2024-02-01,00:01:11.377000,0,1,11,1.0807
2024-02-01 00:01:11.409,1.08067,1.08076,2024-02-01,00:01:11.409000,0,1,11,1.080715
2024-02-01 00:01:11.502,1.08068,1.08072,2024-02-01,00:01:11.502000,0,1,11,1.0807
2024-02-01 00:01:11.627,1.08067,1.08076,2024-02-01,00:01:11.627000,0,1,11,1.080715
2024-02-01 00:01:11.674,1.08069,1.08072,2024-02-01,00:01:11.674000,0,1,11,1.080705
2024-02-01 00:01:11.690,1.08069,1.08073,2024-02-01,00:01:11.690000,0,1,11,1.0807099999999998
2024-02-01 00:01:11.690,1.08067,1.08076,2024-02-01,00:01:11.690000,0,1,11,1.080715
2024-02-01 00:01:11.752,1.08067,1.08075,2024-02-01,00:01:11.752000,0,1,11,1.08071
2024-02-01 00:01:11.768,1.08067,1.08076,2024-02-01,00:01:11.768000,0,1,11,1.080715
2024-02-01 00:01:11.815,1.08069,1.08073,2024-02-01,00:01:11.815000,0,1,11,1.0807099999999998
2024-02-01 00:01:11.877,1.08067,1.08076,2024-02-01,00:01:11.877000,0,1,11,1.080715
2024-02-01 00:01:11.909,1.08069,1.08073,2024-02-01,00:01:11.909000,0,1,11,1.0807099999999998
2024-02-01 00:01:12.362,1.08067,1.08076,2024-02-01,00:01:12.362000,0,1,12,1.080715
2024-02-01 00:01:12.831,1.08069,1.08074,2024-02-01,00:01:12.831000,0,1,12,1.080715
2024-02-01 00:01:13.034,1.08067,1.08076,2024-02-01,00:01:13.034000,0,1,13,1.080715
2024-02-01 00:01:14.143,1.08069,1.08074,2024-02-01,00:01:14.143000,0,1,14,1.080715
2024-02-01 00:01:14.502,1.08067,1.08076,2024-02-01,00:01:14.502000,0,1,14,1.080715
2024-02-01 00:01:14.581,1.08069,1.08074,2024-02-01,00:01:14.581000,0,1,14,1.080715
2024-02-01 00:01:14.627,1.08067,1.08076,2024-02-01,00:01:14.627000,0,1,14,1.080715
2024-02-01 00:01:14.690,1.08069,1.08074,2024-02-01,00:01:14.690000,0,1,14,1.080715
2024-02-01 00:01:15.565,1.08067,1.08076,2024-02-01,00:01:15.565000,0,1,15,1.080715
2024-02-01 00:01:15.565,1.08069,1.08074,2024-02-01,00:01:15.565000,0,1,15,1.080715
2024-02-01 00:01:15.581,1.08067,1.08076,2024-02-01,00:01:15.581000,0,1,15,1.080715
2024-02-01 00:01:15.674,1.08069,1.08074,2024-02-01,00:01:15.674000,0,1,15,1.080715
2024-02-01 00:01:15.706,1.08067,1.08075,2024-02-01,00:01:15.706000,0,1,15,1.08071
2024-02-01 00:01:15.799,1.08069,1.08074,2024-02-01,00:01:15.799000,0,1,15,1.080715
2024-02-01 00:01:15.893,1.08067,1.08075,2024-02-01,00:01:15.893000,0,1,15,1.08071
2024-02-01 00:01:15.909,1.08069,1.08074,2024-02-01,00:01:15.909000,0,1,15,1.080715
2024-02-01 00:01:15.924,1.08067,1.08076,2024-02-01,00:01:15.924000,0,1,15,1.080715
2024-02-01 00:01:16.018,1.08069,1.08074,2024-02-01,00:01:16.018000,0,1,16,1.080715
2024-02-01 00:01:18.143,1.08067,1.08076,2024-02-01,00:01:18.143000,0,1,18,1.080715
2024-02-01 00:01:18.206,1.08069,1.08074,2024-02-01,00:01:18.206000,0,1,18,1.080715
2024-02-01 00:01:18.315,1.08067,1.08076,2024-02-01,00:01:18.315000,0,1,18,1.080715
2024-02-01 00:01:18.315,1.08069,1.08074,2024-02-01,00:01:18.315000,0,1,18,1.080715
2024-02-01 00:01:18.362,1.08067,1.08076,2024-02-01,00:01:18.362000,0,1,18,1.080715
2024-02-01 00:01:18.424,1.08069,1.08074,2024-02-01,00:01:18.424000,0,1,18,1.080715
2024-02-01 00:01:18.424,1.08067,1.08076,2024-02-01,00:01:18.424000,0,1,18,1.080715
2024-02-01 00:01:18.534,1.08069,1.08074,2024-02-01,00:01:18.534000,0,1,18,1.080715
2024-02-01 00:01:21.127,1.08067,1.08075,2024-02-01,00:01:21.127000,0,1,21,1.08071
2024-02-01 00:01:21.143,1.08069,1.08073,2024-02-01,00:01:21.143000,0,1,21,1.0807099999999998
2024-02-01 00:01:21.159,1.08067,1.08075,2024-02-01,00:01:21.159000,0,1,21,1.08071
2024-02-01 00:01:21.252,1.08069,1.08073,2024-02-01,00:01:21.252000,0,1,21,1.0807099999999998
2024-02-01 00:01:21.456,1.08067,1.08075,2024-02-01,00:01:21.456000,0,1,21,1.08071
2024-02-01 00:01:21.471,1.08069,1.08073,2024-02-01,00:01:21.471000,0,1,21,1.0807099999999998
2024-02-01 00:01:21.627,1.08067,1.08075,2024-02-01,00:01:21.627000,0,1,21,1.08071
2024-02-01 00:01:21.674,1.08067,1.08074,2024-02-01,00:01:21.674000,0,1,21,1.080705
2024-02-01 00:01:21.690,1.08069,1.08073,2024-02-01,00:01:21.690000,0,1,21,1.0807099999999998
2024-02-01 00:01:21.690,1.08067,1.08075,2024-02-01,00:01:21.690000,0,1,21,1.08071
2024-02-01 00:01:21.799,1.08069,1.08073,2024-02-01,00:01:21.799000,0,1,21,1.0807099999999998
2024-02-01 00:01:21.831,1.08067,1.08075,2024-02-01,00:01:21.831000,0,1,21,1.08071
2024-02-01 00:01:21.909,1.08069,1.08073,2024-02-01,00:01:21.909000,0,1,21,1.0807099999999998
2024-02-01 00:01:22.034,1.08067,1.08075,2024-02-01,00:01:22.034000,0,1,22,1.08071
2024-02-01 00:01:22.127,1.08069,1.08073,2024-02-01,00:01:22.127000,0,1,22,1.0807099999999998
2024-02-01 00:01:22.393,1.08067,1.08075,2024-02-01,00:01:22.393000,0,1,22,1.08071
2024-02-01 00:01:22.581,1.08069,1.08073,2024-02-01,00:01:22.581000,0,1,22,1.0807099999999998
2024-02-01 00:01:22.596,1.08067,1.08075,2024-02-01,00:01:22.596000,0,1,22,1.08071
2024-02-01 00:01:22.674,1.08069,1.08073,2024-02-01,00:01:22.674000,0,1,22,1.0807099999999998
2024-02-01 00:01:22.721,1.08067,1.08075,2024-02-01,00:01:22.721000,0,1,22,1.08071
2024-02-01 00:01:22.784,1.08069,1.08073,2024-02-01,00:01:22.784000,0,1,22,1.0807099999999998
2024-02-01 00:01:22.799,1.08067,1.08075,2024-02-01,00:01:22.799000,0,1,22,1.08071
2024-02-01 00:01:22.893,1.08069,1.08073,2024-02-01,00:01:22.893000,0,1,22,1.0807099999999998
2024-02-01 00:01:23.252,1.08067,1.08075,2024-02-01,00:01:23.252000,0,1,23,1.08071
2024-02-01 00:01:23.331,1.08069,1.08073,2024-02-01,00:01:23.331000,0,1,23,1.0807099999999998
2024-02-01 00:01:23.721,1.08067,1.08075,2024-02-01,00:01:23.721000,0,1,23,1.08071
2024-02-01 00:01:23.768,1.08069,1.08073,2024-02-01,00:01:23.768000,0,1,23,1.0807099999999998
2024-02-01 00:01:24.784,1.08067,1.08075,2024-02-01,00:01:24.784000,0,1,24,1.08071
2024-02-01 00:01:24.862,1.08069,1.08073,2024-02-01,00:01:24.862000,0,1,24,1.0807099999999998
2024-02-01 00:01:25.799,1.08067,1.08075,2024-02-01,00:01:25.799000,0,1,25,1.08071
2024-02-01 00:01:25.831,1.08069,1.08073,2024-02-01,00:01:25.831000,0,1,25,1.0807099999999998
2024-02-01 00:01:26.221,1.08067,1.08075,2024-02-01,00:01:26.221000,0,1,26,1.08071
2024-02-01 00:01:28.034,1.08069,1.08073,2024-02-01,00:01:28.034000,0,1,28,1.0807099999999998
2024-02-01 00:01:28.049,1.08067,1.08075,2024-02-01,00:01:28.049000,0,1,28,1.08071
2024-02-01 00:01:28.143,1.08069,1.08073,2024-02-01,00:01:28.143000,0,1,28,1.0807099999999998
2024-02-01 00:01:28.471,1.08067,1.08075,2024-02-01,00:01:28.471000,0,1,28,1.08071
2024-02-01 00:01:29.081,1.08069,1.08073,2024-02-01,00:01:29.081000,0,1,29,1.0807099999999998
2024-02-01 00:01:29.690,1.08067,1.08075,2024-02-01,00:01:29.690000,0,1,29,1.08071
2024-02-01 00:01:29.956,1.08069,1.08073,2024-02-01,00:01:29.956000,0,1,29,1.0807099999999998
2024-02-01 00:01:30.034,1.08068,1.08071,2024-02-01,00:01:30.034000,0,1,30,1.080695
2024-02-01 00:01:30.065,1.08067,1.0807,2024-02-01,00:01:30.065000,0,1,30,1.080685
2024-02-01 00:01:30.081,1.08067,1.08075,2024-02-01,00:01:30.081000,0,1,30,1.08071
2024-02-01 00:01:30.112,1.08065,1.08072,2024-02-01,00:01:30.112000,0,1,30,1.080685
2024-02-01 00:01:30.268,1.08067,1.0807,2024-02-01,00:01:30.268000,0,1,30,1.080685
2024-02-01 00:01:30.518,1.08065,1.08072,2024-02-01,00:01:30.518000,0,1,30,1.080685
2024-02-01 00:01:30.549,1.08064,1.08072,2024-02-01,00:01:30.549000,0,1,30,1.08068
2024-02-01 00:01:30.612,1.08067,1.0807,2024-02-01,00:01:30.612000,0,1,30,1.080685
2024-02-01 00:01:30.721,1.08064,1.08072,2024-02-01,00:01:30.721000,0,1,30,1.08068
2024-02-01 00:01:30.831,1.08067,1.0807,2024-02-01,00:01:30.831000,0,1,30,1.080685
2024-02-01 00:01:31.721,1.08064,1.08072,2024-02-01,00:01:31.721000,0,1,31,1.08068
2024-02-01 00:01:31.815,1.08067,1.0807,2024-02-01,00:01:31.815000,0,1,31,1.080685
2024-02-01 00:01:32.487,1.08064,1.08072,2024-02-01,00:01:32.487000,0,1,32,1.08068
2024-02-01 00:01:32.690,1.08067,1.0807,2024-02-01,00:01:32.690000,0,1,32,1.080685
2024-02-01 00:01:36.253,1.08064,1.08072,2024-02-01,00:01:36.253000,0,1,36,1.08068
2024-02-01 00:01:36.534,1.08067,1.0807,2024-02-01,00:01:36.534000,0,1,36,1.080685
2024-02-01 00:01:36.549,1.08064,1.08072,2024-02-01,00:01:36.549000,0,1,36,1.08068
2024-02-01 00:01:36.628,1.08067,1.0807,2024-02-01,00:01:36.628000,0,1,36,1.080685
2024-02-01 00:01:36.674,1.08064,1.08073,2024-02-01,00:01:36.674000,0,1,36,1.080685
2024-02-01 00:01:36.737,1.08067,1.0807,2024-02-01,00:01:36.737000,0,1,36,1.080685
2024-02-01 00:01:37.081,1.08064,1.08073,2024-02-01,00:01:37.081000,0,1,37,1.080685
2024-02-01 00:01:37.409,1.08064,1.08072,2024-02-01,00:01:37.409000,0,1,37,1.08068
2024-02-01 00:01:37.440,1.08067,1.0807,2024-02-01,00:01:37.440000,0,1,37,1.080685
2024-02-01 00:01:40.018,1.08064,1.08072,2024-02-01,00:01:40.018000,0,1,40,1.08068
2024-02-01 00:01:40.018,1.08067,1.0807,2024-02-01,00:01:40.018000,0,1,40,1.080685
2024-02-01 00:01:40.991,1.08064,1.08072,2024-02-01,00:01:40.991000,0,1,40,1.08068
2024-02-01 00:01:41.132,1.08067,1.0807,2024-02-01,00:01:41.132000,0,1,41,1.080685
2024-02-01 00:01:41.132,1.08064,1.08072,2024-02-01,00:01:41.132000,0,1,41,1.08068
2024-02-01 00:01:41.335,1.08067,1.0807,2024-02-01,00:01:41.335000,0,1,41,1.080685
2024-02-01 00:01:41.351,1.08064,1.08072,2024-02-01,00:01:41.351000,0,1,41,1.08068
2024-02-01 00:01:41.444,1.08067,1.0807,2024-02-01,00:01:41.444000,0,1,41,1.080685
2024-02-01 00:01:42.085,1.08064,1.08072,2024-02-01,00:01:42.085000,0,1,42,1.08068
2024-02-01 00:01:42.429,1.08067,1.0807,2024-02-01,00:01:42.429000,0,1,42,1.080685
2024-02-01 00:01:43.101,1.08064,1.08072,2024-02-01,00:01:43.101000,0,1,43,1.08068
2024-02-01 00:01:43.413,1.08065,1.0807,2024-02-01,00:01:43.413000,0,1,43,1.080675
2024-02-01 00:01:43.429,1.08064,1.08072,2024-02-01,00:01:43.429000,0,1,43,1.08068
2024-02-01 00:01:43.523,1.08065,1.0807,2024-02-01,00:01:43.523000,0,1,43,1.080675
2024-02-01 00:01:43.554,1.08065,1.08069,2024-02-01,00:01:43.554000,0,1,43,1.08067
2024-02-01 00:01:43.601,1.08064,1.08072,2024-02-01,00:01:43.601000,0,1,43,1.08068
2024-02-01 00:01:43.757,1.08066,1.08069,2024-02-01,00:01:43.757000,0,1,43,1.0806749999999998
2024-02-01 00:01:44.101,1.08064,1.08072,2024-02-01,00:01:44.101000,0,1,44,1.08068
2024-02-01 00:01:44.413,1.08066,1.08069,2024-02-01,00:01:44.413000,0,1,44,1.0806749999999998
2024-02-01 00:01:45.101,1.08064,1.08072,2024-02-01,00:01:45.101000,0,1,45,1.08068
2024-02-01 00:01:46.179,1.08066,1.08069,2024-02-01,00:01:46.179000,0,1,46,1.0806749999999998
2024-02-01 00:01:46.320,1.08064,1.08072,2024-02-01,00:01:46.320000,0,1,46,1.08068
2024-02-01 00:01:46.398,1.08066,1.08069,2024-02-01,00:01:46.398000,0,1,46,1.0806749999999998
2024-02-01 00:01:46.570,1.08064,1.08072,2024-02-01,00:01:46.570000,0,1,46,1.08068
2024-02-01 00:01:46.616,1.08066,1.08069,2024-02-01,00:01:46.616000,0,1,46,1.0806749999999998
2024-02-01 00:01:47.101,1.08064,1.08072,2024-02-01,00:01:47.101000,0,1,47,1.08068
2024-02-01 00:01:47.851,1.08066,1.08069,2024-02-01,00:01:47.851000,0,1,47,1.0806749999999998
2024-02-01 00:01:47.882,1.08064,1.08072,2024-02-01,00:01:47.882000,0,1,47,1.08068
2024-02-01 00:01:48.226,1.08066,1.08069,2024-02-01,00:01:48.226000,0,1,48,1.0806749999999998
2024-02-01 00:01:48.663,1.08064,1.08072,2024-02-01,00:01:48.663000,0,1,48,1.08068
2024-02-01 00:01:48.679,1.08066,1.08069,2024-02-01,00:01:48.679000,0,1,48,1.0806749999999998
2024-02-01 00:01:49.695,1.08064,1.08072,2024-02-01,00:01:49.695000,0,1,49,1.08068
2024-02-01 00:01:49.976,1.08066,1.08069,2024-02-01,00:01:49.976000,0,1,49,1.0806749999999998
2024-02-01 00:01:50.023,1.08064,1.08072,2024-02-01,00:01:50.023000,0,1,50,1.08068
2024-02-01 00:01:50.085,1.08066,1.08069,2024-02-01,00:01:50.085000,0,1,50,1.0806749999999998
2024-02-01 00:01:50.101,1.08064,1.08072,2024-02-01,00:01:50.101000,0,1,50,1.08068
2024-02-01 00:01:50.304,1.08066,1.08069,2024-02-01,00:01:50.304000,0,1,50,1.0806749999999998
2024-02-01 00:01:50.507,1.08064,1.08072,2024-02-01,00:01:50.507000,0,1,50,1.08068
2024-02-01 00:01:50.523,1.08066,1.08069,2024-02-01,00:01:50.523000,0,1,50,1.0806749999999998
2024-02-01 00:01:50.570,1.08064,1.08072,2024-02-01,00:01:50.570000,0,1,50,1.08068
2024-02-01 00:01:51.726,1.08066,1.08069,2024-02-01,00:01:51.726000,0,1,51,1.0806749999999998
2024-02-01 00:01:52.695,1.08064,1.08072,2024-02-01,00:01:52.695000,0,1,52,1.08068
2024-02-01 00:01:54.445,1.08066,1.08069,2024-02-01,00:01:54.445000,0,1,54,1.0806749999999998
2024-02-01 00:01:54.491,1.08064,1.08072,2024-02-01,00:01:54.491000,0,1,54,1.08068
2024-02-01 00:01:54.945,1.08063,1.08072,2024-02-01,00:01:54.945000,0,1,54,1.0806749999999998
2024-02-01 00:01:55.038,1.08066,1.08069,2024-02-01,00:01:55.038000,0,1,55,1.0806749999999998
2024-02-01 00:01:55.054,1.08065,1.08069,2024-02-01,00:01:55.054000,0,1,55,1.08067
2024-02-01 00:01:55.070,1.08063,1.08072,2024-02-01,00:01:55.070000,0,1,55,1.0806749999999998
2024-02-01 00:01:55.116,1.08065,1.08069,2024-02-01,00:01:55.116000,0,1,55,1.08067
2024-02-01 00:01:55.132,1.08063,1.08072,2024-02-01,00:01:55.132000,0,1,55,1.0806749999999998
2024-02-01 00:01:55.773,1.08065,1.08069,2024-02-01,00:01:55.773000,0,1,55,1.08067
2024-02-01 00:01:55.960,1.08063,1.08072,2024-02-01,00:01:55.960000,0,1,55,1.0806749999999998
2024-02-01 00:01:55.991,1.08062,1.08071,2024-02-01,00:01:55.991000,0,1,55,1.080665
2024-02-01 00:01:56.023,1.08065,1.08069,2024-02-01,00:01:56.023000,0,1,56,1.08067
2024-02-01 00:01:56.070,1.08062,1.08072,2024-02-01,00:01:56.070000,0,1,56,1.08067
2024-02-01 00:01:56.085,1.08063,1.08072,2024-02-01,00:01:56.085000,0,1,56,1.0806749999999998
2024-02-01 00:01:56.116,1.08065,1.08069,2024-02-01,00:01:56.116000,0,1,56,1.08067
2024-02-01 00:01:56.726,1.08063,1.08072,2024-02-01,00:01:56.726000,0,1,56,1.0806749999999998
2024-02-01 00:01:56.882,1.08065,1.08069,2024-02-01,00:01:56.882000,0,1,56,1.08067
2024-02-01 00:01:56.960,1.08063,1.08071,2024-02-01,00:01:56.960000,0,1,56,1.08067
2024-02-01 00:01:56.991,1.08062,1.08071,2024-02-01,00:01:56.991000,0,1,56,1.080665
2024-02-01 00:01:57.007,1.08065,1.08069,2024-02-01,00:01:57.007000,0,1,57,1.08067
2024-02-01 00:01:57.023,1.08062,1.0807,2024-02-01,00:01:57.023000,0,1,57,1.08066
2024-02-01 00:01:57.023,1.08062,1.08071,2024-02-01,00:01:57.023000,0,1,57,1.080665
2024-02-01 00:01:57.101,1.08065,1.08069,2024-02-01,00:01:57.101000,0,1,57,1.08067
2024-02-01 00:01:57.148,1.08062,1.08071,2024-02-01,00:01:57.148000,0,1,57,1.080665
2024-02-01 00:01:57.538,1.08065,1.08069,2024-02-01,00:01:57.538000,0,1,57,1.08067
2024-02-01 00:01:58.038,1.08062,1.08071,2024-02-01,00:01:58.038000,0,1,58,1.080665
2024-02-01 00:01:58.085,1.08065,1.08069,2024-02-01,00:01:58.085000,0,1,58,1.08067
2024-02-01 00:01:58.288,1.08062,1.08071,2024-02-01,00:01:58.288000,0,1,58,1.080665
2024-02-01 00:01:58.304,1.08065,1.08069,2024-02-01,00:01:58.304000,0,1,58,1.08067
2024-02-01 00:01:58.491,1.08062,1.08071,2024-02-01,00:01:58.491000,0,1,58,1.080665
2024-02-01 00:01:58.632,1.08065,1.08069,2024-02-01,00:01:58.632000,0,1,58,1.08067
2024-02-01 00:01:58.913,1.08062,1.08071,2024-02-01,00:01:58.913000,0,1,58,1.080665
2024-02-01 00:01:58.960,1.08065,1.08069,2024-02-01,00:01:58.960000,0,1,58,1.08067
2024-02-01 00:01:59.351,1.08062,1.08071,2024-02-01,00:01:59.351000,0,1,59,1.080665
2024-02-01 00:01:59.507,1.08065,1.08069,2024-02-01,00:01:59.507000,0,1,59,1.08067
2024-02-01 00:01:59.507,1.08062,1.08071,2024-02-01,00:01:59.507000,0,1,59,1.080665
2024-02-01 00:01:59.616,1.08065,1.08069,2024-02-01,00:01:59.616000,0,1,59,1.08067
2024-02-01 00:02:00.491,1.08062,1.08071,2024-02-01,00:02:00.491000,0,2,0,1.080665
2024-02-01 00:02:00.601,1.08065,1.08069,2024-02-01,00:02:00.601000,0,2,0,1.08067
2024-02-01 00:02:00.601,1.08062,1.08071,2024-02-01,00:02:00.601000,0,2,0,1.080665
2024-02-01 00:02:00.632,1.08062,1.0807,2024-02-01,00:02:00.632000,0,2,0,1.08066
2024-02-01 00:02:00.632,1.08064,1.08068,2024-02-01,00:02:00.632000,0,2,0,1.08066
2024-02-01 00:02:00.679,1.08062,1.08071,2024-02-01,00:02:00.679000,0,2,0,1.080665
2024-02-01 00:02:00.804,1.08064,1.08068,2024-02-01,00:02:00.804000,0,2,0,1.08066
2024-02-01 00:02:00.866,1.08062,1.08071,2024-02-01,00:02:00.866000,0,2,0,1.080665
2024-02-01 00:02:00.898,1.08064,1.08068,2024-02-01,00:02:00.898000,0,2,0,1.08066
2024-02-01 00:02:00.945,1.08062,1.08071,2024-02-01,00:02:00.945000,0,2,0,1.080665
2024-02-01 00:02:00.976,1.08064,1.08068,2024-02-01,00:02:00.976000,0,2,0,1.08066
2024-02-01 00:02:01.023,1.08062,1.08071,2024-02-01,00:02:01.023000,0,2,1,1.080665
2024-02-01 00:02:01.101,1.08064,1.08068,2024-02-01,00:02:01.101000,0,2,1,1.08066
2024-02-01 00:02:01.116,1.08062,1.08071,2024-02-01,00:02:01.116000,0,2,1,1.080665
2024-02-01 00:02:01.195,1.08064,1.08068,2024-02-01,00:02:01.195000,0,2,1,1.08066
2024-02-01 00:02:01.195,1.08062,1.08071,2024-02-01,00:02:01.195000,0,2,1,1.080665
2024-02-01 00:02:01.304,1.08064,1.08068,2024-02-01,00:02:01.304000,0,2,1,1.08066
2024-02-01 00:02:01.351,1.08062,1.08071,2024-02-01,00:02:01.351000,0,2,1,1.080665
2024-02-01 00:02:01.413,1.08065,1.08069,2024-02-01,00:02:01.413000,0,2,1,1.08067
2024-02-01 00:02:01.429,1.08063,1.08072,2024-02-01,00:02:01.429000,0,2,1,1.0806749999999998
2024-02-01 00:02:01.523,1.08065,1.08069,2024-02-01,00:02:01.523000,0,2,1,1.08067
2024-02-01 00:02:02.351,1.08063,1.08072,2024-02-01,00:02:02.351000,0,2,2,1.0806749999999998
2024-02-01 00:02:02.616,1.08065,1.08069,2024-02-01,00:02:02.616000,0,2,2,1.08067
2024-02-01 00:02:02.726,1.08063,1.08072,2024-02-01,00:02:02.726000,0,2,2,1.0806749999999998
2024-02-01 00:02:03.132,1.08065,1.08068,2024-02-01,00:02:03.132000,0,2,3,1.0806650000000002
2024-02-01 00:02:03.163,1.08063,1.08072,2024-02-01,00:02:03.163000,0,2,3,1.0806749999999998
2024-02-01 00:02:03.679,1.08065,1.08068,2024-02-01,00:02:03.679000,0,2,3,1.0806650000000002
2024-02-01 00:02:04.726,1.08065,1.08067,2024-02-01,00:02:04.726000,0,2,4,1.08066
2024-02-01 00:02:06.163,1.08063,1.08072,2024-02-01,00:02:06.163000,0,2,6,1.0806749999999998
2024-02-01 00:02:06.351,1.08065,1.08068,2024-02-01,00:02:06.351000,0,2,6,1.0806650000000002
2024-02-01 00:02:06.351,1.08063,1.08071,2024-02-01,00:02:06.351000,0,2,6,1.08067
2024-02-01 00:02:06.366,1.08064,1.08068,2024-02-01,00:02:06.366000,0,2,6,1.08066
2024-02-01 00:02:06.382,1.08062,1.08071,2024-02-01,00:02:06.382000,0,2,6,1.080665
2024-02-01 00:02:06.476,1.08064,1.08068,2024-02-01,00:02:06.476000,0,2,6,1.08066
2024-02-01 00:02:06.507,1.08062,1.08071,2024-02-01,00:02:06.507000,0,2,6,1.080665
2024-02-01 00:02:06.585,1.08064,1.08068,2024-02-01,00:02:06.585000,0,2,6,1.08066
2024-02-01 00:02:06.710,1.08062,1.08071,2024-02-01,00:02:06.710000,0,2,6,1.080665
2024-02-01 00:02:06.804,1.08064,1.08068,2024-02-01,00:02:06.804000,0,2,6,1.08066
2024-02-01 00:02:07.351,1.08062,1.08071,2024-02-01,00:02:07.351000,0,2,7,1.080665
2024-02-01 00:02:07.741,1.08064,1.08068,2024-02-01,00:02:07.741000,0,2,7,1.08066
2024-02-01 00:02:07.960,1.08062,1.08071,2024-02-01,00:02:07.960000,0,2,7,1.080665
2024-02-01 00:02:08.070,1.08064,1.08068,2024-02-01,00:02:08.070000,0,2,8,1.08066
2024-02-01 00:02:08.101,1.08062,1.08071,2024-02-01,00:02:08.101000,0,2,8,1.080665
2024-02-01 00:02:08.413,1.08065,1.08068,2024-02-01,00:02:08.413000,0,2,8,1.0806650000000002
2024-02-01 00:02:08.648,1.08062,1.08071,2024-02-01,00:02:08.648000,0,2,8,1.080665
2024-02-01 00:02:08.648,1.08065,1.08067,2024-02-01,00:02:08.648000,0,2,8,1.08066
2024-02-01 00:02:08.820,1.08062,1.08071,2024-02-01,00:02:08.820000,0,2,8,1.080665
2024-02-01 00:02:09.195,1.08065,1.08067,2024-02-01,00:02:09.195000,0,2,9,1.08066
2024-02-01 00:02:10.351,1.08062,1.08071,2024-02-01,00:02:10.351000,0,2,10,1.080665
2024-02-01 00:02:14.366,1.08065,1.08069,2024-02-01,00:02:14.366000,0,2,14,1.08067
2024-02-01 00:02:14.726,1.08062,1.08071,2024-02-01,00:02:14.726000,0,2,14,1.080665
2024-02-01 00:02:14.804,1.08065,1.08069,2024-02-01,00:02:14.804000,0,2,14,1.08067
2024-02-01 00:02:16.085,1.08062,1.08071,2024-02-01,00:02:16.085000,0,2,16,1.080665
2024-02-01 00:02:16.163,1.08063,1.08071,2024-02-01,00:02:16.163000,0,2,16,1.08067
2024-02-01 00:02:16.226,1.08062,1.08071,2024-02-01,00:02:16.226000,0,2,16,1.080665
2024-02-01 00:02:16.226,1.08065,1.08069,2024-02-01,00:02:16.226000,0,2,16,1.08067
2024-02-01 00:02:16.351,1.08063,1.08071,2024-02-01,00:02:16.351000,0,2,16,1.08067
2024-02-01 00:02:16.382,1.08063,1.08072,2024-02-01,00:02:16.382000,0,2,16,1.0806749999999998
2024-02-01 00:02:16.429,1.08065,1.08069,2024-02-01,00:02:16.429000,0,2,16,1.08067
2024-02-01 00:02:17.007,1.08063,1.08072,2024-02-01,00:02:17.007000,0,2,17,1.0806749999999998
2024-02-01 00:02:17.007,1.08065,1.08068,2024-02-01,00:02:17.007000,0,2,17,1.0806650000000002
2024-02-01 00:02:17.023,1.08063,1.08072,2024-02-01,00:02:17.023000,0,2,17,1.0806749999999998
2024-02-01 00:02:17.070,1.08062,1.08072,2024-02-01,00:02:17.070000,0,2,17,1.08067
2024-02-01 00:02:17.116,1.08065,1.08068,2024-02-01,00:02:17.116000,0,2,17,1.0806650000000002
2024-02-01 00:02:17.163,1.08062,1.08071,2024-02-01,00:02:17.163000,0,2,17,1.080665
2024-02-01 00:02:17.226,1.08065,1.08068,2024-02-01,00:02:17.226000,0,2,17,1.0806650000000002
2024-02-01 00:02:17.413,1.08062,1.08071,2024-02-01,00:02:17.413000,0,2,17,1.080665
2024-02-01 00:02:17.538,1.08065,1.08069,2024-02-01,00:02:17.538000,0,2,17,1.08067
2024-02-01 00:02:18.163,1.08062,1.08071,2024-02-01,00:02:18.163000,0,2,18,1.080665
2024-02-01 00:02:19.835,1.08065,1.08069,2024-02-01,00:02:19.835000,0,2,19,1.08067
2024-02-01 00:02:20.163,1.08062,1.08071,2024-02-01,00:02:20.163000,0,2,20,1.080665
2024-02-01 00:02:20.273,1.08065,1.08069,2024-02-01,00:02:20.273000,0,2,20,1.08067
2024-02-01 00:02:20.726,1.08062,1.08071,2024-02-01,00:02:20.726000,0,2,20,1.080665
2024-02-01 00:02:22.726,1.08062,1.08069,2024-02-01,00:02:22.726000,0,2,22,1.080655
2024-02-01 00:02:22.726,1.08063,1.08068,2024-02-01,00:02:22.726000,0,2,22,1.0806550000000001
2024-02-01 00:02:22.757,1.08062,1.08071,2024-02-01,00:02:22.757000,0,2,22,1.080665
2024-02-01 00:02:22.820,1.08063,1.08068,2024-02-01,00:02:22.820000,0,2,22,1.0806550000000001
2024-02-01 00:02:22.866,1.08062,1.08071,2024-02-01,00:02:22.866000,0,2,22,1.080665
2024-02-01 00:02:22.882,1.08062,1.0807,2024-02-01,00:02:22.882000,0,2,22,1.08066
2024-02-01 00:02:22.945,1.08063,1.08068,2024-02-01,00:02:22.945000,0,2,22,1.0806550000000001
2024-02-01 00:02:23.038,1.08062,1.08071,2024-02-01,00:02:23.038000,0,2,23,1.080665
2024-02-01 00:02:23.054,1.08063,1.08068,2024-02-01,00:02:23.054000,0,2,23,1.0806550000000001
2024-02-01 00:02:23.054,1.08062,1.08071,2024-02-01,00:02:23.054000,0,2,23,1.080665
2024-02-01 00:02:23.366,1.08063,1.08068,2024-02-01,00:02:23.366000,0,2,23,1.0806550000000001
2024-02-01 00:02:24.179,1.08062,1.08071,2024-02-01,00:02:24.179000,0,2,24,1.080665
2024-02-01 00:02:24.257,1.08063,1.08068,2024-02-01,00:02:24.257000,0,2,24,1.0806550000000001
2024-02-01 00:02:24.351,1.08062,1.08071,2024-02-01,00:02:24.351000,0,2,24,1.080665
2024-02-01 00:02:24.366,1.08063,1.08068,2024-02-01,00:02:24.366000,0,2,24,1.0806550000000001
2024-02-01 00:02:24.382,1.08062,1.08071,2024-02-01,00:02:24.382000,0,2,24,1.080665
2024-02-01 00:02:24.398,1.08064,1.08068,2024-02-01,00:02:24.398000,0,2,24,1.08066
2024-02-01 00:02:24.663,1.08062,1.08071,2024-02-01,00:02:24.663000,0,2,24,1.080665
2024-02-01 00:02:24.898,1.08063,1.08068,2024-02-01,00:02:24.898000,0,2,24,1.0806550000000001
2024-02-01 00:02:24.913,1.08062,1.08071,2024-02-01,00:02:24.913000,0,2,24,1.080665
2024-02-01 00:02:24.991,1.08063,1.08068,2024-02-01,00:02:24.991000,0,2,24,1.0806550000000001
2024-02-01 00:02:25.163,1.08062,1.08071,2024-02-01,00:02:25.163000,0,2,25,1.080665
2024-02-01 00:02:25.210,1.08063,1.08068,2024-02-01,00:02:25.210000,0,2,25,1.0806550000000001
2024-02-01 00:02:25.257,1.08062,1.08071,2024-02-01,00:02:25.257000,0,2,25,1.080665
2024-02-01 00:02:25.538,1.08063,1.08068,2024-02-01,00:02:25.538000,0,2,25,1.0806550000000001
2024-02-01 00:02:25.695,1.08062,1.08071,2024-02-01,00:02:25.695000,0,2,25,1.080665
2024-02-01 00:02:26.320,1.08063,1.08068,2024-02-01,00:02:26.320000,0,2,26,1.0806550000000001
2024-02-01 00:02:26.695,1.08062,1.08071,2024-02-01,00:02:26.695000,0,2,26,1.080665
2024-02-01 00:02:26.866,1.08063,1.08068,2024-02-01,00:02:26.866000,0,2,26,1.0806550000000001
2024-02-01 00:02:27.320,1.08062,1.08071,2024-02-01,00:02:27.320000,0,2,27,1.080665
2024-02-01 00:02:27.773,1.08062,1.0807,2024-02-01,00:02:27.773000,0,2,27,1.08066
2024-02-01 00:02:27.804,1.08064,1.08068,2024-02-01,00:02:27.804000,0,2,27,1.08066
2024-02-01 00:02:27.804,1.08062,1.08071,2024-02-01,00:02:27.804000,0,2,27,1.080665
2024-02-01 00:02:27.820,1.08062,1.08072,2024-02-01,00:02:27.820000,0,2,27,1.08067
2024-02-01 00:02:27.882,1.08062,1.08071,2024-02-01,00:02:27.882000,0,2,27,1.080665
2024-02-01 00:02:27.913,1.08064,1.08068,2024-02-01,00:02:27.913000,0,2,27,1.08066
2024-02-01 00:02:27.913,1.08062,1.08071,2024-02-01,00:02:27.913000,0,2,27,1.080665
2024-02-01 00:02:28.007,1.08064,1.08068,2024-02-01,00:02:28.007000,0,2,28,1.08066
2024-02-01 00:02:28.351,1.08062,1.08071,2024-02-01,00:02:28.351000,0,2,28,1.080665
2024-02-01 00:02:28.445,1.08064,1.08068,2024-02-01,00:02:28.445000,0,2,28,1.08066
2024-02-01 00:02:28.726,1.08062,1.08071,2024-02-01,00:02:28.726000,0,2,28,1.080665
2024-02-01 00:02:28.773,1.08064,1.08068,2024-02-01,00:02:28.773000,0,2,28,1.08066
2024-02-01 00:02:28.866,1.08062,1.08071,2024-02-01,00:02:28.866000,0,2,28,1.080665
2024-02-01 00:02:30.179,1.08062,1.08072,2024-02-01,00:02:30.179000,0,2,30,1.08067
2024-02-01 00:02:30.351,1.08062,1.08071,2024-02-01,00:02:30.351000,0,2,30,1.080665
2024-02-01 00:02:31.976,1.08062,1.08072,2024-02-01,00:02:31.976000,0,2,31,1.08067
2024-02-01 00:02:32.179,1.08062,1.08071,2024-02-01,00:02:32.179000,0,2,32,1.080665
2024-02-01 00:02:32.195,1.08063,1.08068,2024-02-01,00:02:32.195000,0,2,32,1.0806550000000001
2024-02-01 00:02:32.210,1.08062,1.08071,2024-02-01,00:02:32.210000,0,2,32,1.080665
2024-02-01 00:02:32.304,1.08063,1.08068,2024-02-01,00:02:32.304000,0,2,32,1.0806550000000001
2024-02-01 00:02:32.413,1.08062,1.0807,2024-02-01,00:02:32.413000,0,2,32,1.08066
2024-02-01 00:02:32.523,1.08063,1.08068,2024-02-01,00:02:32.523000,0,2,32,1.0806550000000001
2024-02-01 00:02:32.679,1.08062,1.0807,2024-02-01,00:02:32.679000,0,2,32,1.08066
2024-02-01 00:02:32.710,1.08062,1.08071,2024-02-01,00:02:32.710000,0,2,32,1.080665
2024-02-01 00:02:32.741,1.08063,1.08068,2024-02-01,00:02:32.741000,0,2,32,1.0806550000000001
2024-02-01 00:02:33.070,1.08062,1.08071,2024-02-01,00:02:33.070000,0,2,33,1.080665
2024-02-01 00:02:33.585,1.08064,1.08068,2024-02-01,00:02:33.585000,0,2,33,1.08066
2024-02-01 00:02:33.601,1.08062,1.08071,2024-02-01,00:02:33.601000,0,2,33,1.080665
2024-02-01 00:02:34.085,1.08063,1.08068,2024-02-01,00:02:34.085000,0,2,34,1.0806550000000001
2024-02-01 00:02:34.101,1.08062,1.08071,2024-02-01,00:02:34.101000,0,2,34,1.080665
2024-02-01 00:02:34.195,1.08063,1.08068,2024-02-01,00:02:34.195000,0,2,34,1.0806550000000001
2024-02-01 00:02:34.726,1.08064,1.08068,2024-02-01,00:02:34.726000,0,2,34,1.08066
2024-02-01 00:02:37.741,1.08062,1.0807,2024-02-01,00:02:37.741000,0,2,37,1.08066
2024-02-01 00:02:37.788,1.08061,1.0807,2024-02-01,00:02:37.788000,0,2,37,1.0806550000000001
2024-02-01 00:02:37.820,1.08064,1.08069,2024-02-01,00:02:37.820000,0,2,37,1.080665
2024-02-01 00:02:38.726,1.08061,1.0807,2024-02-01,00:02:38.726000,0,2,38,1.0806550000000001
2024-02-01 00:02:38.991,1.08063,1.08068,2024-02-01,00:02:38.991000,0,2,38,1.0806550000000001
2024-02-01 00:02:39.007,1.08061,1.0807,2024-02-01,00:02:39.007000,0,2,39,1.0806550000000001
2024-02-01 00:02:39.070,1.08063,1.08066,2024-02-01,00:02:39.070000,0,2,39,1.080645
2024-02-01 00:02:39.085,1.08059,1.08067,2024-02-01,00:02:39.085000,0,2,39,1.08063
2024-02-01 00:02:39.116,1.08061,1.08066,2024-02-01,00:02:39.116000,0,2,39,1.080635
2024-02-01 00:02:39.116,1.08058,1.08067,2024-02-01,00:02:39.116000,0,2,39,1.080625
2024-02-01 00:02:39.179,1.08061,1.08065,2024-02-01,00:02:39.179000,0,2,39,1.0806300000000002
2024-02-01 00:02:39.179,1.08058,1.08067,2024-02-01,00:02:39.179000,0,2,39,1.080625
2024-02-01 00:02:39.210,1.08058,1.08066,2024-02-01,00:02:39.210000,0,2,39,1.0806200000000001
2024-02-01 00:02:39.210,1.08061,1.08064,2024-02-01,00:02:39.210000,0,2,39,1.080625
2024-02-01 00:02:39.257,1.08058,1.08066,2024-02-01,00:02:39.257000,0,2,39,1.0806200000000001
2024-02-01 00:02:39.320,1.0806,1.08064,2024-02-01,00:02:39.320000,0,2,39,1.0806200000000001
2024-02-01 00:02:39.320,1.08058,1.08066,2024-02-01,00:02:39.320000,0,2,39,1.0806200000000001
2024-02-01 00:02:39.398,1.0806,1.08064,2024-02-01,00:02:39.398000,0,2,39,1.0806200000000001
2024-02-01 00:02:39.413,1.08058,1.08067,2024-02-01,00:02:39.413000,0,2,39,1.080625
2024-02-01 00:02:39.429,1.08058,1.08066,2024-02-01,00:02:39.429000,0,2,39,1.0806200000000001
2024-02-01 00:02:39.491,1.0806,1.08064,2024-02-01,00:02:39.491000,0,2,39,1.0806200000000001
2024-02-01 00:02:40.132,1.08058,1.08066,2024-02-01,00:02:40.132000,0,2,40,1.0806200000000001
2024-02-01 00:02:40.523,1.0806,1.08064,2024-02-01,00:02:40.523000,0,2,40,1.0806200000000001
2024-02-01 00:02:40.851,1.08058,1.08066,2024-02-01,00:02:40.851000,0,2,40,1.0806200000000001
2024-02-01 00:02:40.851,1.0806,1.08064,2024-02-01,00:02:40.851000,0,2,40,1.0806200000000001
2024-02-01 00:02:40.866,1.08058,1.08066,2024-02-01,00:02:40.866000,0,2,40,1.0806200000000001
2024-02-01 00:02:40.945,1.08058,1.08067,2024-02-01,00:02:40.945000,0,2,40,1.080625
2024-02-01 00:02:40.960,1.0806,1.08064,2024-02-01,00:02:40.960000,0,2,40,1.0806200000000001
2024-02-01 00:02:40.991,1.08058,1.08067,2024-02-01,00:02:40.991000,0,2,40,1.080625
2024-02-01 00:02:41.071,1.0806,1.08064,2024-02-01,00:02:41.071000,0,2,41,1.0806200000000001
2024-02-01 00:02:41.384,1.08058,1.08066,2024-02-01,00:02:41.384000,0,2,41,1.0806200000000001
2024-02-01 00:02:41.400,1.0806,1.08064,2024-02-01,00:02:41.400000,0,2,41,1.0806200000000001
2024-02-01 00:02:41.884,1.08058,1.08065,2024-02-01,00:02:41.884000,0,2,41,1.080615
2024-02-01 00:02:41.962,1.0806,1.08064,2024-02-01,00:02:41.962000,0,2,41,1.0806200000000001
2024-02-01 00:02:41.993,1.08058,1.08066,2024-02-01,00:02:41.993000,0,2,41,1.0806200000000001
2024-02-01 00:02:42.056,1.0806,1.08064,2024-02-01,00:02:42.056000,0,2,42,1.0806200000000001
2024-02-01 00:02:42.400,1.08058,1.08066,2024-02-01,00:02:42.400000,0,2,42,1.0806200000000001
2024-02-01 00:02:42.493,1.0806,1.08064,2024-02-01,00:02:42.493000,0,2,42,1.0806200000000001
2024-02-01 00:02:42.728,1.08058,1.08066,2024-02-01,00:02:42.728000,0,2,42,1.0806200000000001
2024-02-01 00:02:43.040,1.0806,1.08064,2024-02-01,00:02:43.040000,0,2,43,1.0806200000000001
2024-02-01 00:02:43.134,1.08058,1.08066,2024-02-01,00:02:43.134000,0,2,43,1.0806200000000001
2024-02-01 00:02:43.587,1.0806,1.08064,2024-02-01,00:02:43.587000,0,2,43,1.0806200000000001
2024-02-01 00:02:43.634,1.08058,1.08066,2024-02-01,00:02:43.634000,0,2,43,1.0806200000000001
2024-02-01 00:02:43.696,1.0806,1.08064,2024-02-01,00:02:43.696000,0,2,43,1.0806200000000001
2024-02-01 00:02:43.900,1.08058,1.08066,2024-02-01,00:02:43.900000,0,2,43,1.0806200000000001
2024-02-01 00:02:44.259,1.0806,1.08064,2024-02-01,00:02:44.259000,0,2,44,1.0806200000000001
2024-02-01 00:02:44.509,1.08058,1.08066,2024-02-01,00:02:44.509000,0,2,44,1.0806200000000001
2024-02-01 00:02:44.509,1.0806,1.08063,2024-02-01,00:02:44.509000,0,2,44,1.0806149999999999
2024-02-01 00:02:44.743,1.08058,1.08066,2024-02-01,00:02:44.743000,0,2,44,1.0806200000000001
2024-02-01 00:02:45.181,1.0806,1.08063,2024-02-01,00:02:45.181000,0,2,45,1.0806149999999999
2024-02-01 00:02:45.665,1.08058,1.08066,2024-02-01,00:02:45.665000,0,2,45,1.0806200000000001
2024-02-01 00:02:45.853,1.0806,1.08063,2024-02-01,00:02:45.853000,0,2,45,1.0806149999999999
2024-02-01 00:02:46.618,1.08058,1.08066,2024-02-01,00:02:46.618000,0,2,46,1.0806200000000001
2024-02-01 00:02:46.650,1.0806,1.08063,2024-02-01,00:02:46.650000,0,2,46,1.0806149999999999
2024-02-01 00:02:46.978,1.08058,1.08066,2024-02-01,00:02:46.978000,0,2,46,1.0806200000000001
2024-02-01 00:02:47.196,1.0806,1.08063,2024-02-01,00:02:47.196000,0,2,47,1.0806149999999999
2024-02-01 00:02:47.337,1.08058,1.08065,2024-02-01,00:02:47.337000,0,2,47,1.080615
2024-02-01 00:02:47.368,1.08055,1.08062,2024-02-01,00:02:47.368000,0,2,47,1.080585
2024-02-01 00:02:47.384,1.08057,1.08061,2024-02-01,00:02:47.384000,0,2,47,1.08059
2024-02-01 00:02:47.415,1.08055,1.08062,2024-02-01,00:02:47.415000,0,2,47,1.080585
2024-02-01 00:02:47.446,1.08054,1.08062,2024-02-01,00:02:47.446000,0,2,47,1.0805799999999999
2024-02-01 00:02:47.462,1.08056,1.08059,2024-02-01,00:02:47.462000,0,2,47,1.080575
2024-02-01 00:02:47.462,1.08054,1.08062,2024-02-01,00:02:47.462000,0,2,47,1.0805799999999999
2024-02-01 00:02:47.540,1.08053,1.08062,2024-02-01,00:02:47.540000,0,2,47,1.080575
2024-02-01 00:02:47.556,1.08055,1.08059,2024-02-01,00:02:47.556000,0,2,47,1.0805699999999998
2024-02-01 00:02:47.571,1.08053,1.08061,2024-02-01,00:02:47.571000,0,2,47,1.08057
2024-02-01 00:02:47.650,1.08055,1.08059,2024-02-01,00:02:47.650000,0,2,47,1.0805699999999998
2024-02-01 00:02:47.728,1.08053,1.08061,2024-02-01,00:02:47.728000,0,2,47,1.08057
2024-02-01 00:02:47.821,1.08055,1.08059,2024-02-01,00:02:47.821000,0,2,47,1.0805699999999998
2024-02-01 00:02:47.915,1.08053,1.08061,2024-02-01,00:02:47.915000,0,2,47,1.08057
2024-02-01 00:02:48.056,1.08053,1.08062,2024-02-01,00:02:48.056000,0,2,48,1.080575
2024-02-01 00:02:48.056,1.08055,1.08059,2024-02-01,00:02:48.056000,0,2,48,1.0805699999999998
2024-02-01 00:02:48.071,1.08053,1.08062,2024-02-01,00:02:48.071000,0,2,48,1.080575
2024-02-01 00:02:48.087,1.08056,1.08059,2024-02-01,00:02:48.087000,0,2,48,1.080575
2024-02-01 00:02:48.728,1.08053,1.08062,2024-02-01,00:02:48.728000,0,2,48,1.080575
2024-02-01 00:02:48.743,1.08056,1.08059,2024-02-01,00:02:48.743000,0,2,48,1.080575
2024-02-01 00:02:48.759,1.08053,1.08062,2024-02-01,00:02:48.759000,0,2,48,1.080575
2024-02-01 00:02:48.853,1.08056,1.08059,2024-02-01,00:02:48.853000,0,2,48,1.080575
2024-02-01 00:02:49.181,1.08053,1.08062,2024-02-01,00:02:49.181000,0,2,49,1.080575
2024-02-01 00:02:49.181,1.08056,1.08059,2024-02-01,00:02:49.181000,0,2,49,1.080575
2024-02-01 00:02:49.212,1.08053,1.08061,2024-02-01,00:02:49.212000,0,2,49,1.08057
2024-02-01 00:02:49.290,1.08053,1.08062,2024-02-01,00:02:49.290000,0,2,49,1.080575
2024-02-01 00:02:49.368,1.08056,1.08059,2024-02-01,00:02:49.368000,0,2,49,1.080575
2024-02-01 00:02:49.821,1.08053,1.08062,2024-02-01,00:02:49.821000,0,2,49,1.080575
2024-02-01 00:02:49.868,1.08053,1.08061,2024-02-01,00:02:49.868000,0,2,49,1.08057
2024-02-01 00:02:49.900,1.08056,1.08059,2024-02-01,00:02:49.900000,0,2,49,1.080575
2024-02-01 00:02:49.915,1.08053,1.08062,2024-02-01,00:02:49.915000,0,2,49,1.080575
2024-02-01 00:02:50.009,1.08056,1.08059,2024-02-01,00:02:50.009000,0,2,50,1.080575
2024-02-01 00:02:50.087,1.08053,1.08061,2024-02-01,00:02:50.087000,0,2,50,1.08057
2024-02-01 00:02:50.212,1.08053,1.08062,2024-02-01,00:02:50.212000,0,2,50,1.080575
2024-02-01 00:02:50.228,1.08056,1.08059,2024-02-01,00:02:50.228000,0,2,50,1.080575
2024-02-01 00:02:50.400,1.08053,1.08062,2024-02-01,00:02:50.400000,0,2,50,1.080575
2024-02-01 00:02:50.446,1.08056,1.08059,2024-02-01,00:02:50.446000,0,2,50,1.080575
2024-02-01 00:02:50.759,1.08055,1.08059,2024-02-01,00:02:50.759000,0,2,50,1.0805699999999998
2024-02-01 00:02:51.103,1.08053,1.08062,2024-02-01,00:02:51.103000,0,2,51,1.080575
2024-02-01 00:02:51.509,1.08055,1.08059,2024-02-01,00:02:51.509000,0,2,51,1.0805699999999998
2024-02-01 00:02:52.025,1.08053,1.08061,2024-02-01,00:02:52.025000,0,2,52,1.08057
2024-02-01 00:02:52.056,1.08054,1.08059,2024-02-01,00:02:52.056000,0,2,52,1.080565
2024-02-01 00:02:52.071,1.08052,1.0806,2024-02-01,00:02:52.071000,0,2,52,1.08056
2024-02-01 00:02:52.087,1.08052,1.08061,2024-02-01,00:02:52.087000,0,2,52,1.080565
2024-02-01 00:02:52.165,1.08054,1.08059,2024-02-01,00:02:52.165000,0,2,52,1.080565
2024-02-01 00:02:52.712,1.08052,1.08061,2024-02-01,00:02:52.712000,0,2,52,1.080565
2024-02-01 00:02:53.243,1.08054,1.08059,2024-02-01,00:02:53.243000,0,2,53,1.080565
2024-02-01 00:02:53.306,1.08052,1.08061,2024-02-01,00:02:53.306000,0,2,53,1.080565
2024-02-01 00:02:53.321,1.08052,1.0806,2024-02-01,00:02:53.321000,0,2,53,1.08056
2024-02-01 00:02:53.353,1.08054,1.08059,2024-02-01,00:02:53.353000,0,2,53,1.080565
2024-02-01 00:02:53.400,1.08052,1.08061,2024-02-01,00:02:53.400000,0,2,53,1.080565
2024-02-01 00:02:53.431,1.08053,1.08062,2024-02-01,00:02:53.431000,0,2,53,1.080575
2024-02-01 00:02:53.462,1.08055,1.08059,2024-02-01,00:02:53.462000,0,2,53,1.0805699999999998
2024-02-01 00:02:53.462,1.08053,1.08062,2024-02-01,00:02:53.462000,0,2,53,1.080575
2024-02-01 00:02:53.509,1.08056,1.08059,2024-02-01,00:02:53.509000,0,2,53,1.080575
2024-02-01 00:02:53.728,1.08053,1.08062,2024-02-01,00:02:53.728000,0,2,53,1.080575
2024-02-01 00:02:53.790,1.08056,1.08059,2024-02-01,00:02:53.790000,0,2,53,1.080575
2024-02-01 00:02:54.728,1.08053,1.08062,2024-02-01,00:02:54.728000,0,2,54,1.080575
2024-02-01 00:02:54.790,1.08056,1.08059,2024-02-01,00:02:54.790000,0,2,54,1.080575
2024-02-01 00:02:54.790,1.08053,1.08062,2024-02-01,00:02:54.790000,0,2,54,1.080575
2024-02-01 00:02:54.884,1.08056,1.08059,2024-02-01,00:02:54.884000,0,2,54,1.080575
2024-02-01 00:02:55.712,1.08053,1.08062,2024-02-01,00:02:55.712000,0,2,55,1.080575
2024-02-01 00:02:55.728,1.08058,1.08062,2024-02-01,00:02:55.728000,0,2,55,1.0806
2024-02-01 00:02:55.759,1.08056,1.08065,2024-02-01,00:02:55.759000,0,2,55,1.080605
2024-02-01 00:02:55.790,1.08055,1.08065,2024-02-01,00:02:55.790000,0,2,55,1.0806
2024-02-01 00:02:55.853,1.08055,1.08064,2024-02-01,00:02:55.853000,0,2,55,1.080595
2024-02-01 00:02:55.900,1.08058,1.08062,2024-02-01,00:02:55.900000,0,2,55,1.0806
2024-02-01 00:02:56.040,1.08055,1.08064,2024-02-01,00:02:56.040000,0,2,56,1.080595
2024-02-01 00:02:56.290,1.08058,1.08062,2024-02-01,00:02:56.290000,0,2,56,1.0806
2024-02-01 00:02:56.306,1.08054,1.08064,2024-02-01,00:02:56.306000,0,2,56,1.08059
2024-02-01 00:02:56.400,1.08058,1.08062,2024-02-01,00:02:56.400000,0,2,56,1.0806
2024-02-01 00:02:56.728,1.08054,1.08064,2024-02-01,00:02:56.728000,0,2,56,1.08059
2024-02-01 00:02:56.931,1.08054,1.08065,2024-02-01,00:02:56.931000,0,2,56,1.0805950000000002
2024-02-01 00:02:56.946,1.08058,1.08062,2024-02-01,00:02:56.946000,0,2,56,1.0806
2024-02-01 00:02:56.962,1.08054,1.08065,2024-02-01,00:02:56.962000,0,2,56,1.0805950000000002
2024-02-01 00:02:57.056,1.08058,1.08062,2024-02-01,00:02:57.056000,0,2,57,1.0806
2024-02-01 00:02:57.728,1.08054,1.08065,2024-02-01,00:02:57.728000,0,2,57,1.0805950000000002
2024-02-01 00:02:57.821,1.08058,1.08062,2024-02-01,00:02:57.821000,0,2,57,1.0806
2024-02-01 00:02:57.884,1.08054,1.08065,2024-02-01,00:02:57.884000,0,2,57,1.0805950000000002
2024-02-01 00:02:57.931,1.08058,1.08062,2024-02-01,00:02:57.931000,0,2,57,1.0806
2024-02-01 00:02:57.962,1.08054,1.08065,2024-02-01,00:02:57.962000,0,2,57,1.0805950000000002
2024-02-01 00:02:58.478,1.08058,1.08062,2024-02-01,00:02:58.478000,0,2,58,1.0806
2024-02-01 00:02:58.587,1.08054,1.08065,2024-02-01,00:02:58.587000,0,2,58,1.0805950000000002
2024-02-01 00:02:59.134,1.08058,1.08062,2024-02-01,00:02:59.134000,0,2,59,1.0806
2024-02-01 00:03:00.071,1.08054,1.08062,2024-02-01,00:03:00.071000,0,3,0,1.0805799999999999
2024-02-01 00:03:00.071,1.08057,1.08059,2024-02-01,00:03:00.071000,0,3,0,1.0805799999999999
2024-02-01 00:03:00.087,1.08053,1.08062,2024-02-01,00:03:00.087000,0,3,0,1.080575
2024-02-01 00:03:00.212,1.08057,1.08059,2024-02-01,00:03:00.212000,0,3,0,1.0805799999999999
2024-02-01 00:03:00.259,1.08054,1.08062,2024-02-01,00:03:00.259000,0,3,0,1.0805799999999999
2024-02-01 00:03:00.259,1.08057,1.08061,2024-02-01,00:03:00.259000,0,3,0,1.08059
2024-02-01 00:03:00.275,1.08057,1.08062,2024-02-01,00:03:00.275000,0,3,0,1.080595
2024-02-01 00:03:00.275,1.08055,1.08063,2024-02-01,00:03:00.275000,0,3,0,1.08059
2024-02-01 00:03:00.368,1.08055,1.08064,2024-02-01,00:03:00.368000,0,3,0,1.080595
2024-02-01 00:03:00.384,1.08055,1.08065,2024-02-01,00:03:00.384000,0,3,0,1.0806
2024-02-01 00:03:00.384,1.08057,1.08062,2024-02-01,00:03:00.384000,0,3,0,1.080595
2024-02-01 00:03:00.400,1.08054,1.08064,2024-02-01,00:03:00.400000,0,3,0,1.08059
2024-02-01 00:03:00.462,1.08057,1.08062,2024-02-01,00:03:00.462000,0,3,0,1.080595
2024-02-01 00:03:00.571,1.08054,1.08064,2024-02-01,00:03:00.571000,0,3,0,1.08059
2024-02-01 00:03:00.603,1.08057,1.08062,2024-02-01,00:03:00.603000,0,3,0,1.080595
2024-02-01 00:03:00.634,1.08054,1.08064,2024-02-01,00:03:00.634000,0,3,0,1.08059
2024-02-01 00:03:00.712,1.08057,1.08062,2024-02-01,00:03:00.712000,0,3,0,1.080595
2024-02-01 00:03:00.728,1.08054,1.08064,2024-02-01,00:03:00.728000,0,3,0,1.08059
2024-02-01 00:03:00.806,1.08057,1.08062,2024-02-01,00:03:00.806000,0,3,0,1.080595
2024-02-01 00:03:00.853,1.08054,1.08064,2024-02-01,00:03:00.853000,0,3,0,1.08059
2024-02-01 00:03:01.025,1.08057,1.08062,2024-02-01,00:03:01.025000,0,3,1,1.080595
2024-02-01 00:03:01.025,1.08054,1.08064,2024-02-01,00:03:01.025000,0,3,1,1.08059
2024-02-01 00:03:01.134,1.08057,1.08062,2024-02-01,00:03:01.134000,0,3,1,1.080595
2024-02-01 00:03:01.353,1.08054,1.08064,2024-02-01,00:03:01.353000,0,3,1,1.08059
2024-02-01 00:03:01.353,1.08057,1.08061,2024-02-01,00:03:01.353000,0,3,1,1.08059
2024-02-01 00:03:01.556,1.08054,1.08064,2024-02-01,00:03:01.556000,0,3,1,1.08059
2024-02-01 00:03:01.571,1.08057,1.08061,2024-02-01,00:03:01.571000,0,3,1,1.08059
2024-02-01 00:03:01.587,1.08054,1.08064,2024-02-01,00:03:01.587000,0,3,1,1.08059
2024-02-01 00:03:01.790,1.08057,1.08061,2024-02-01,00:03:01.790000,0,3,1,1.08059
2024-02-01 00:03:01.821,1.08054,1.08062,2024-02-01,00:03:01.821000,0,3,1,1.0805799999999999
2024-02-01 00:03:01.821,1.08057,1.08059,2024-02-01,00:03:01.821000,0,3,1,1.0805799999999999
2024-02-01 00:03:01.853,1.08054,1.08062,2024-02-01,00:03:01.853000,0,3,1,1.0805799999999999
2024-02-01 00:03:01.946,1.08057,1.08059,2024-02-01,00:03:01.946000,0,3,1,1.0805799999999999
2024-02-01 00:03:02.321,1.08053,1.08062,2024-02-01,00:03:02.321000,0,3,2,1.080575
2024-02-01 00:03:02.384,1.08057,1.08059,2024-02-01,00:03:02.384000,0,3,2,1.0805799999999999
2024-02-01 00:03:02.728,1.08053,1.08062,2024-02-01,00:03:02.728000,0,3,2,1.080575
2024-02-01 00:03:02.821,1.08057,1.08059,2024-02-01,00:03:02.821000,0,3,2,1.0805799999999999
2024-02-01 00:03:03.150,1.08053,1.08062,2024-02-01,00:03:03.150000,0,3,3,1.080575
2024-02-01 00:03:03.540,1.08057,1.08059,2024-02-01,00:03:03.540000,0,3,3,1.0805799999999999
2024-02-01 00:03:03.728,1.08053,1.08062,2024-02-01,00:03:03.728000,0,3,3,1.080575
2024-02-01 00:03:03.884,1.08057,1.08059,2024-02-01,00:03:03.884000,0,3,3,1.0805799999999999
2024-02-01 00:03:03.962,1.08053,1.08062,2024-02-01,00:03:03.962000,0,3,3,1.080575
2024-02-01 00:03:03.978,1.08056,1.08059,2024-02-01,00:03:03.978000,0,3,3,1.080575
2024-02-01 00:03:03.993,1.08053,1.08062,2024-02-01,00:03:03.993000,0,3,3,1.080575
2024-02-01 00:03:04.040,1.08053,1.08061,2024-02-01,00:03:04.040000,0,3,4,1.08057
2024-02-01 00:03:04.040,1.08055,1.08059,2024-02-01,00:03:04.040000,0,3,4,1.0805699999999998
2024-02-01 00:03:04.056,1.08053,1.08061,2024-02-01,00:03:04.056000,0,3,4,1.08057
2024-02-01 00:03:04.165,1.08053,1.08062,2024-02-01,00:03:04.165000,0,3,4,1.080575
2024-02-01 00:03:04.196,1.08055,1.08059,2024-02-01,00:03:04.196000,0,3,4,1.0805699999999998
2024-02-01 00:03:04.212,1.08053,1.08061,2024-02-01,00:03:04.212000,0,3,4,1.08057
2024-02-01 00:03:04.275,1.08055,1.08059,2024-02-01,00:03:04.275000,0,3,4,1.0805699999999998
2024-02-01 00:03:04.275,1.08053,1.08062,2024-02-01,00:03:04.275000,0,3,4,1.080575
2024-02-01 00:03:04.306,1.08053,1.08061,2024-02-01,00:03:04.306000,0,3,4,1.08057
2024-02-01 00:03:04.337,1.08052,1.08061,2024-02-01,00:03:04.337000,0,3,4,1.080565
2024-02-01 00:03:04.353,1.08055,1.08059,2024-02-01,00:03:04.353000,0,3,4,1.0805699999999998
2024-02-01 00:03:04.509,1.08052,1.08061,2024-02-01,00:03:04.509000,0,3,4,1.080565
2024-02-01 00:03:04.509,1.08055,1.08058,2024-02-01,00:03:04.509000,0,3,4,1.080565
2024-02-01 00:03:04.540,1.08052,1.08059,2024-02-01,00:03:04.540000,0,3,4,1.080555
2024-02-01 00:03:04.540,1.08054,1.08058,2024-02-01,00:03:04.540000,0,3,4,1.0805600000000002
2024-02-01 00:03:04.587,1.08052,1.08061,2024-02-01,00:03:04.587000,0,3,4,1.080565
2024-02-01 00:03:04.696,1.08054,1.08058,2024-02-01,00:03:04.696000,0,3,4,1.0805600000000002
2024-02-01 00:03:04.696,1.08052,1.08061,2024-02-01,00:03:04.696000,0,3,4,1.080565
2024-02-01 00:03:04.728,1.08055,1.08058,2024-02-01,00:03:04.728000,0,3,4,1.080565
2024-02-01 00:03:04.821,1.08052,1.08062,2024-02-01,00:03:04.821000,0,3,4,1.0805699999999998
2024-02-01 00:03:04.837,1.08052,1.08061,2024-02-01,00:03:04.837000,0,3,4,1.080565
2024-02-01 00:03:05.150,1.08055,1.08058,2024-02-01,00:03:05.150000,0,3,5,1.080565
2024-02-01 00:03:05.212,1.08054,1.08058,2024-02-01,00:03:05.212000,0,3,5,1.0805600000000002
2024-02-01 00:03:05.525,1.08052,1.08061,2024-02-01,00:03:05.525000,0,3,5,1.080565
2024-02-01 00:03:05.540,1.08054,1.08058,2024-02-01,00:03:05.540000,0,3,5,1.0805600000000002
2024-02-01 00:03:05.618,1.08052,1.08062,2024-02-01,00:03:05.618000,0,3,5,1.0805699999999998
2024-02-01 00:03:05.650,1.08054,1.08058,2024-02-01,00:03:05.650000,0,3,5,1.0805600000000002
2024-02-01 00:03:05.743,1.08052,1.08062,2024-02-01,00:03:05.743000,0,3,5,1.0805699999999998
2024-02-01 00:03:05.775,1.08054,1.08058,2024-02-01,00:03:05.775000,0,3,5,1.0805600000000002
2024-02-01 00:03:06.025,1.08053,1.08062,2024-02-01,00:03:06.025000,0,3,6,1.080575
2024-02-01 00:03:06.025,1.08055,1.08059,2024-02-01,00:03:06.025000,0,3,6,1.0805699999999998
2024-02-01 00:03:06.056,1.08053,1.08062,2024-02-01,00:03:06.056000,0,3,6,1.080575
2024-02-01 00:03:06.071,1.08056,1.08059,2024-02-01,00:03:06.071000,0,3,6,1.080575
2024-02-01 00:03:06.103,1.08053,1.08062,2024-02-01,00:03:06.103000,0,3,6,1.080575
2024-02-01 00:03:06.165,1.08056,1.08059,2024-02-01,00:03:06.165000,0,3,6,1.080575
2024-02-01 00:03:06.728,1.08053,1.08062,2024-02-01,00:03:06.728000,0,3,6,1.080575
2024-02-01 00:03:06.821,1.08056,1.08059,2024-02-01,00:03:06.821000,0,3,6,1.080575
2024-02-01 00:03:07.087,1.08056,1.0806,2024-02-01,00:03:07.087000,0,3,7,1.0805799999999999
2024-02-01 00:03:07.150,1.08053,1.08062,2024-02-01,00:03:07.150000,0,3,7,1.080575
2024-02-01 00:03:07.415,1.08056,1.0806,2024-02-01,00:03:07.415000,0,3,7,1.0805799999999999
2024-02-01 00:03:07.634,1.08053,1.08062,2024-02-01,00:03:07.634000,0,3,7,1.080575
2024-02-01 00:03:07.634,1.08056,1.0806,2024-02-01,00:03:07.634000,0,3,7,1.0805799999999999
2024-02-01 00:03:07.650,1.08057,1.0806,2024-02-01,00:03:07.650000,0,3,7,1.0805850000000001
2024-02-01 00:03:07.665,1.08055,1.08064,2024-02-01,00:03:07.665000,0,3,7,1.080595
2024-02-01 00:03:07.743,1.08057,1.08061,2024-02-01,00:03:07.743000,0,3,7,1.08059
2024-02-01 00:03:07.743,1.08055,1.08064,2024-02-01,00:03:07.743000,0,3,7,1.080595
2024-02-01 00:03:07.775,1.08054,1.08064,2024-02-01,00:03:07.775000,0,3,7,1.08059
2024-02-01 00:03:07.837,1.08057,1.08061,2024-02-01,00:03:07.837000,0,3,7,1.08059
2024-02-01 00:03:07.853,1.08054,1.08063,2024-02-01,00:03:07.853000,0,3,7,1.0805850000000001
2024-02-01 00:03:07.868,1.08054,1.08064,2024-02-01,00:03:07.868000,0,3,7,1.08059
2024-02-01 00:03:07.915,1.08054,1.08063,2024-02-01,00:03:07.915000,0,3,7,1.0805850000000001
2024-02-01 00:03:07.915,1.08057,1.08061,2024-02-01,00:03:07.915000,0,3,7,1.08059
2024-02-01 00:03:08.040,1.08054,1.08064,2024-02-01,00:03:08.040000,0,3,8,1.08059
2024-02-01 00:03:08.134,1.08057,1.08061,2024-02-01,00:03:08.134000,0,3,8,1.08059
2024-02-01 00:03:08.431,1.08053,1.08064,2024-02-01,00:03:08.431000,0,3,8,1.0805850000000001
2024-02-01 00:03:08.462,1.08057,1.08061,2024-02-01,00:03:08.462000,0,3,8,1.08059
2024-02-01 00:03:08.478,1.08053,1.08063,2024-02-01,00:03:08.478000,0,3,8,1.0805799999999999
2024-02-01 00:03:08.571,1.08057,1.08061,2024-02-01,00:03:08.571000,0,3,8,1.08059
2024-02-01 00:03:08.712,1.08053,1.08063,2024-02-01,00:03:08.712000,0,3,8,1.0805799999999999
2024-02-01 00:03:08.900,1.08057,1.08061,2024-02-01,00:03:08.900000,0,3,8,1.08059
2024-02-01 00:03:08.931,1.08053,1.08062,2024-02-01,00:03:08.931000,0,3,8,1.080575
2024-02-01 00:03:08.946,1.08056,1.0806,2024-02-01,00:03:08.946000,0,3,8,1.0805799999999999
2024-02-01 00:03:08.946,1.08053,1.08062,2024-02-01,00:03:08.946000,0,3,8,1.080575
2024-02-01 00:03:09.056,1.08056,1.0806,2024-02-01,00:03:09.056000,0,3,9,1.0805799999999999
2024-02-01 00:03:09.150,1.08053,1.08062,2024-02-01,00:03:09.150000,0,3,9,1.080575
2024-02-01 00:03:09.275,1.08056,1.0806,2024-02-01,00:03:09.275000,0,3,9,1.0805799999999999
2024-02-01 00:03:09.353,1.08053,1.08062,2024-02-01,00:03:09.353000,0,3,9,1.080575
2024-02-01 00:03:09.353,1.08056,1.08059,2024-02-01,00:03:09.353000,0,3,9,1.080575
2024-02-01 00:03:09.728,1.08053,1.08062,2024-02-01,00:03:09.728000,0,3,9,1.080575
2024-02-01 00:03:09.884,1.08056,1.08059,2024-02-01,00:03:09.884000,0,3,9,1.080575
2024-02-01 00:03:09.915,1.08053,1.08062,2024-02-01,00:03:09.915000,0,3,9,1.080575
2024-02-01 00:03:09.993,1.08056,1.08059,2024-02-01,00:03:09.993000,0,3,9,1.080575
2024-02-01 00:03:10.400,1.08053,1.08062,2024-02-01,00:03:10.400000,0,3,10,1.080575
2024-02-01 00:03:10.650,1.08056,1.08059,2024-02-01,00:03:10.650000,0,3,10,1.080575
2024-02-01 00:03:10.728,1.08053,1.08062,2024-02-01,00:03:10.728000,0,3,10,1.080575
2024-02-01 00:03:10.978,1.08056,1.08059,2024-02-01,00:03:10.978000,0,3,10,1.080575
2024-02-01 00:03:11.040,1.08056,1.0806,2024-02-01,00:03:11.040000,0,3,11,1.0805799999999999
2024-02-01 00:03:11.150,1.08053,1.08062,2024-02-01,00:03:11.150000,0,3,11,1.080575
2024-02-01 00:03:11.165,1.08056,1.0806,2024-02-01,00:03:11.165000,0,3,11,1.0805799999999999
2024-02-01 00:03:11.228,1.08053,1.08062,2024-02-01,00:03:11.228000,0,3,11,1.080575
2024-02-01 00:03:11.275,1.08056,1.0806,2024-02-01,00:03:11.275000,0,3,11,1.0805799999999999
2024-02-01 00:03:11.462,1.08053,1.08062,2024-02-01,00:03:11.462000,0,3,11,1.080575
2024-02-01 00:03:11.478,1.08056,1.0806,2024-02-01,00:03:11.478000,0,3,11,1.0805799999999999
2024-02-01 00:03:11.540,1.08053,1.08062,2024-02-01,00:03:11.540000,0,3,11,1.080575
2024-02-01 00:03:11.821,1.08056,1.0806,2024-02-01,00:03:11.821000,0,3,11,1.0805799999999999
2024-02-01 00:03:12.150,1.08053,1.08062,2024-02-01,00:03:12.150000,0,3,12,1.080575
2024-02-01 00:03:12.587,1.08054,1.08062,2024-02-01,00:03:12.587000,0,3,12,1.0805799999999999
2024-02-01 00:03:12.681,1.08056,1.0806,2024-02-01,00:03:12.681000,0,3,12,1.0805799999999999
2024-02-01 00:03:13.103,1.08053,1.08062,2024-02-01,00:03:13.103000,0,3,13,1.080575
2024-02-01 00:03:13.134,1.08056,1.0806,2024-02-01,00:03:13.134000,0,3,13,1.0805799999999999
2024-02-01 00:03:14.150,1.08053,1.08062,2024-02-01,00:03:14.150000,0,3,14,1.080575
2024-02-01 00:03:14.556,1.08053,1.08063,2024-02-01,00:03:14.556000,0,3,14,1.0805799999999999
2024-02-01 00:03:14.571,1.08059,1.08062,2024-02-01,00:03:14.571000,0,3,14,1.0806049999999998
2024-02-01 00:03:14.587,1.08057,1.08066,2024-02-01,00:03:14.587000,0,3,14,1.0806149999999999
2024-02-01 00:03:14.650,1.08057,1.08067,2024-02-01,00:03:14.650000,0,3,14,1.0806200000000001
2024-02-01 00:03:14.665,1.08059,1.08063,2024-02-01,00:03:14.665000,0,3,14,1.08061
2024-02-01 00:03:14.681,1.08057,1.08067,2024-02-01,00:03:14.681000,0,3,14,1.0806200000000001
2024-02-01 00:03:14.728,1.08058,1.08063,2024-02-01,00:03:14.728000,0,3,14,1.080605
